2650 3948
480 227 666 280 εκεοιειε
686 231 709 290 ι,
728 230 770 308 ιο.
1073 225 1117 293 39

150 363 414 460 Ἀλικαρνασσῷ,
433 365 568 456 άπέχαν
585 372 644 456 τῆς
661 367 791 449 πόλεως
809 367 844 450 ές
861 366 960 438 πέντε
976 368 1116 457 μάλιστα

155 475 326 557 σταδίους,
344 464 389 551 οἱς
408 469 463 538 ἐπί
480 477 606 563 χρονίφ
624 475 809 560 πολιορκίᾳ.
839 468 863 558 ῆ
878 495 914 539 τε
930 468 996 560 γάρ
1014 469 1150 557 φύσιςε

155 573 216 640 τοῦ
234 577 359 660 χοιρίον
374 568 500 660 ὀχυρόν
519 573 622 641 ἐποίει
638 568 721 640 αότό
739 572 795 640 καὶ
813 569 878 657 ὅπη
893 598 925 640 τι
942 574 1054 640 ἐνδεῖν
1071 566 1117 653 τός

156 671 241 760 πρός
259 667 444 760 ἀσφάλειαν
463 673 630 759 ἐφαίνετο,
649 671 825 760 ξύμπαντα
841 677 947 742 ταῦτα
965 674 1118 762 Μέμνων

130 801 192 842 ετε
211 769 312 854 αὐτός
330 771 468 863 παρόν,
487 772 551 861 ῆδη
569 771 847 862 ἀποδεδειγμένος
863 772 948 862 πρός
966 781 1116 864 Δαρείου

156 877 214 961 τῆς
231 901 267 944 τε
284 873 372 944 κάτον
387 872 500 956 Ἀσίας
514 875 645 944 καὶτοῦ
658 879 820 944 ναυτικοῦ
833 873 957 957 παντός
970 872 1116 963 ῆγεμοόν,

158 979 195 1045 ἐκ
212 980 339 1044 πολλοῦ
358 975 611 1064 παρεσκευάκει,
631 976 689 1044 καὶ
707 979 902 1064 στρατιῶται
919 977 1037 1045 πολλοὶ
1053 975 1117 1065 μέν

157 1078 246 1159 ξένοι
253 1077 457 1166 μισθοφόροι
466 1079 503 1146 ἐν
511 1083 553 1167 τῆ
563 1075 657 1146 πόλει
666 1079 985 1166 ἐγκατελείφθησαν,
999 1077 1117 1146 πολλοὶ

157 1179 196 1248 δέ
213 1179 271 1248 καὶ
288 1181 433 1268 Περσῶν
450 1176 577 1248 αύτεόν·
603 1183 642 1247 αἴ
661 1203 697 1246 τε
713 1175 856 1266 τριήρεις
874 1178 1052 1268 ἐφώρμουν
1069 1183 1115 1272 τῷ

118 1309 145 1349 ιο
157 1280 276 1368 λιμένι,
301 1273 346 1361 ὥς
369 1281 426 1350 καὶ
449 1277 517 1349 άπδ
543 1284 612 1348 τοῖν
637 1285 773 1348 ναυτῶν
799 1279 927 1366 πολλὴν
954 1275 1117 1368 άφέλειαν

156 1389 336 1468 γίγνεσθαι
353 1383 387 1462 ἐς
404 1380 445 1450 τά
463 1387 554 1470 ἔργα.

235 1478 1116 1574 ΤῆμένδῆπρύτῃῆμέρμπροσάγοντοςἈλεξάνδρου
1134 1503 1150 1552 4

156 1587 203 1676 τῷ
228 1592 328 1673 τείχει
352 1583 437 1654 κατά
466 1583 525 1664 τάς
557 1585 611 1652 ἐπὶ
637 1583 789 1655 Μύλασα
814 1582 983 1673 φερούσας
1009 1583 1118 1664 πύλας

159 1685 304 1776 ἐκδρομή
320 1713 356 1755 τε
374 1691 524 1773 γίγνεται
540 1690 608 1754 τῶν
627 1687 662 1753 έκ
679 1689 738 1772 τῆς
756 1684 884 1765 πόλεως
901 1685 957 1754 καί
974 1682 1118 1774 άκροβο-

120 1814 145 1856 ιι
159 1785 291 1876 λισμός·
317 1787 373 1855 καὶ
399 1785 540 1866 τούτους
567 1783 608 1854 ού
636 1791 787 1873 χαλεπῶς
805 1783 999 1855 ἀνέστειλάν
1024 1813 1060 1854 τε
1085 1789 1121 1854 οί

157 1885 240 1976 παρ’
261 1885 483 1978 Ἀλεξάνδρου
502 1885 788 1976 ἀντεκδραμόντες
811 1888 868 1956 καὶ
891 1889 925 1968 ἐς
942 1886 1004 1975 τῆν
1022 1885 1118 1957 πόλιν

157 1991 382 2060 κατέκλεισαν.

237 2086 288 2162 Ού
299 2099 438 2172 πολλαῖς
449 2089 487 2160 δέ
500 2087 644 2180 ὕστερον
657 2087 794 2180 ἡμέραις
805 2087 1023 2180 Ἀλέξανδρος
1032 2088 1116 2160 άνα-
1134 2108 1151 2158 τι

158 2190 273 2280 λαβύν
297 2191 377 2273 τούς
407 2219 443 2262 τε
473 2189 683 2272 ὑπασπιστάς
713 2191 770 2260 καί
794 2190 856 2280 τῆν
881 2197 951 2261 τόν
978 2194 1118 2281 ἑταίρων

119 2320 146 2363 το
159 2299 264 2363 ἵππον
281 2294 337 2362 καί
354 2293 416 2382 τῆν
437 2287 604 2381 Ἀμύντου
630 2319 666 2362 τε
683 2293 739 2363 καὶ
757 2298 949 2383 Περδίκκου
967 2294 1024 2361 καί
1041 2303 1117 2364 Με-

158 2394 303 2484 λεάγρου
328 2394 421 2477 τάξιν
445 2393 508 2482 τῆν
533 2393 667 2480 πεζικὴν
692 2393 749 2462 καὶ
774 2391 859 2483 πρός
884 2393 1012 2474 τούτοις
1038 2391 1118 2474 τούς

158 2495 293 2578 τοξότας
315 2496 373 2565 καί
396 2493 477 2575 τούς
491 2491 666 2585 Ἀγριάνας
684 2499 844 2585 περιῆλθε
859 2500 918 2582 τῆς
936 2493 1065 2575 πόλεως
1083 2497 1117 2574 ές

158 2598 196 2666 τὸ
220 2597 303 2686 πρός
322 2595 470 2668 Μύνδου
488 2598 606 2686 μέρος,
623 2595 663 2665 τό
688 2623 723 2664 τε
745 2611 852 2684 τεῖχος
877 2595 1116 2685 κατοψόμενος,

160 2704 193 2768 εί
201 2698 307 2788 ταύτῃ
322 2699 568 2787 ἐπιμαχύτερον
580 2696 738 2786 τυγχάνει
747 2691 787 2767 όν
801 2695 835 2778 ές
848 2696 914 2786 τῆν
925 2697 1118 2787 προσβολὴν

119 2829 146 2870 τι
159 2800 216 2869 καί
234 2799 300 2889 ἅμα
319 2806 351 2869 εί
365 2797 427 2887 τῆν
440 2799 586 2871 Μύνδον
601 2794 635 2881 ἐξ
651 2794 831 2887 ἐπιδρομῆς
845 2798 984 2868 δύναιτο
1001 2797 1118 2868 λαθών

159 2915 353 2989 κατασχεῖν·
389 2906 524 2970 ἔσεσθαι
548 2899 614 2991 γάρ
639 2897 681 2970 ού
706 2899 849 2988 σμικράν
871 2898 935 2988 τῆν
954 2895 1117 2988 άφέλειαν

159 3002 194 3083 ἐς
218 3001 281 3091 τῆν
306 3007 365 3090 τῆς
388 2998 650 3092 Ἀλικαρνασσού
676 3008 873 3090 πολιορκίαν
890 3000 954 3090 τῆν
971 3000 1118 3072 Μύνδον

159 3111 288 3174 οίκείαν
313 3106 510 3192 γενομένην·
545 3109 606 3172 καί
625 3130 656 3172 τι
680 3101 738 3171 καί
764 3099 933 3172 ἐνεδίδοτο
959 3098 1054 3196 αύτῷ
1080 3100 1118 3174 ἐκ

157 3210 228 3275 τῶν
245 3211 433 3293 Μυνδίων,
456 3210 488 3274 εί
512 3201 612 3274 λάθοι
627 3201 751 3283 νυκτός
769 3203 979 3293 προσελδύν.
1014 3199 1150 3286 αύτόςο

120 3306 223 3395 εομέν
255 3305 296 3394 δῆ
329 3304 413 3375 κατά
444 3304 485 3375 τά
517 3311 718 3392 συγκείμενα
750 3302 837 3393 ἀμφὶ
867 3305 970 3393 μέσας
993 3305 1118 3387 νύκτας

71 3492 74 3500 .
159 3413 334 3499 προσῆλθε
351 3413 399 3500 τῷ
416 3415 530 3494 τείχει·
549 3403 594 3486 ύς
608 3405 646 3474 δὲ
663 3403 766 3474 οὐδέν
780 3403 949 3476 ε’νεδίδοτο
964 3402 1031 3474 άπδ
1049 3412 1118 3474 τῶν

160 3514 273 3597 ἔνδον,
291 3513 330 3578 αἴ
344 3535 380 3578 τε
392 3507 536 3596 μηχαναὶ
549 3507 606 3575 καὶ
620 3510 659 3575 αί
672 3513 829 3595 κλίμακες
843 3504 936 3601 αύτῷ
950 3503 993 3576 ού
1006 3511 1117 3595 παρῆ·
