2650 3948
224 279 267 350 33
577 274 827 337 ιλιιωιαιεοε

226 424 282 494 καὶ
300 427 361 491 τοῦ
376 419 600 508 στρατοπέδω
614 423 742 510 λιμένα,
761 421 954 501 έλπίσαντες
968 423 1068 500 κενάς
1080 446 1186 489 κατα·

226 524 393 612 λήψεσθαι
418 521 478 603 τάς
500 516 722 608 Ἀλεξάνδρου
748 524 852 609 ναῦς,
878 519 929 591 ότι
953 517 1034 602 τοῦς
1059 521 1186 594 ναύτας

227 621 548 694 ἀποσκεδάννυσθαι
572 625 610 692 τό
637 621 723 692 πολῦ
743 619 808 691 άπό
827 627 897 692 τῦν
913 628 1001 692 νεών
1017 621 1098 703 τοῦς
1122 623 1186 712 μέν

228 727 284 796 ε’πὶ
301 730 543 817 φρυγανισμῷ,
559 722 639 804 τοῦς
657 722 695 792 δέ
713 723 769 792 ἐπὶ
785 725 969 814 ξυγκομιδῇ
985 726 1054 792 τών
1073 727 1185 812 έπιτη-

228 833 341 914 δείων,
358 825 439 906 τοῦς
452 825 491 894 δέ
503 825 561 894 καὶ
574 826 608 905 ές
621 821 791 914 προνομάς
807 826 1039 913 ταττομένους,
1053 847 1184 894 πεπυσ-
1209 849 1224 891 ε
1310 839 1311 874 ¹

227 929 321 1017 μένοι
337 919 435 1015 ἦσαν.
469 923 555 994 άλλά
571 926 670 1015 μέρος
693 927 756 1014 μέν
777 952 809 994 τι
826 923 917 1012 άπήν
940 931 1009 994 τῷν
1035 932 1184 995 ναντῷν·

229 1027 267 1100 ἐκ
284 1027 323 1099 δὲ
338 1033 408 1098 τών
425 1025 602 1114 παρόντων
619 1025 864 1116 ξυμπληρώσας
875 1025 1091 1117 Ἀλέξανδρος
1105 1028 1186 1096 δέκα

180 1143 213 1193 10
228 1133 326 1216 ναῦς,
345 1127 390 1210 ῦς
407 1127 659 1218 προσπλεούσας
676 1127 736 1208 τάς
753 1127 853 1198 πέντε
868 1133 939 1197 τῷν
962 1133 1107 1215 Περσῦν
1122 1155 1186 1197 κα-

228 1236 335 1319 τεῖδε,
359 1231 479 1319 πέμπει
501 1225 555 1300 ἐπ’
581 1226 687 1310 αῦτάς
711 1227 794 1297 κατά
812 1228 983 1317 σπουδήν,
1010 1227 1187 1318 ἐμβάλλειν

229 1330 459 1426 ἀντιπρώρους
482 1328 653 1410 κελεύσας.
693 1334 729 1399 οί
750 1330 788 1399 δέ
812 1327 851 1400 έν
873 1346 945 1412 ταῖς
969 1331 1067 1400 πέντε
1083 1331 1187 1400 ναυσὶ
1200 1357 1225 1398 ιο

229 1439 298 1503 τῦν
327 1439 493 1523 Περσῶν,
526 1430 571 1512 ώς
596 1427 674 1518 παρ’
704 1429 825 1502 ἐλπίδα
850 1431 1079 1521 ἀναγομένους
1104 1432 1187 1514 τοῦς

230 1535 432 1616 Μακεδόνας
444 1532 500 1604 ἐπὶ
514 1537 602 1620 σφάς
611 1530 715 1619 εἶδον,
728 1530 999 1622 ὑποστρέψαντες
1010 1531 1047 1603 έκ
1056 1538 1186 1603 πολλοῦ

181 1648 212 1698 11
230 1643 377 1725 ἔφευγον
388 1633 473 1724 πρός
490 1631 528 1703 τό
542 1632 624 1703 ἄλλο
641 1631 808 1704 ναυτικόν.
842 1635 899 1704 καὶ
917 1632 938 1723 ή
954 1634 1016 1724 μὲν
1030 1632 1188 1705 Ἰασσέων

229 1743 314 1817 ναῦς
340 1735 509 1806 ἁλίσκεται
538 1733 653 1816 αὐτοῖς
677 1732 841 1825 άνδράσιν
866 1733 906 1806 ἓν
930 1742 974 1826 τῇ
999 1741 1112 1827 φυγή,
1143 1733 1186 1806 οῦ

229 1841 501 1926 ταχυναυτοῦσα·
524 1841 561 1906 αί
576 1839 614 1906 δέ
630 1837 787 1926 τέσσαρες
805 1844 962 1926 ἔφθασαν
977 1851 1187 1924 καταφυγεῖν
1201 1865 1226 1906 ιε

231 1946 280 2019 είς
296 1936 356 2019 τάς
373 1943 498 2020 οἰκείας
515 1938 666 2028 τριήρεις.
702 1934 791 2006 οῦτω
815 1937 879 2026 μέν
905 1936 947 2026 δή
971 1934 1187 2008 άπέπλενσαν

231 2041 393 2127 ἄπρακτοι
409 2037 447 2109 ἐκ
466 2038 616 2127 Μιλήτου
635 2043 671 2108 οί
686 2040 826 2128 Πέρσαι.

180 2132 225 2198 9¹0
304 2139 520 2230 Ἀλέξανδρος
534 2141 571 2209 δὲ
584 2145 768 2210 καταλῦσαι
781 2146 867 2227 ἔγνω
879 2139 918 2210 τό
931 2140 1091 2212 ναυτικόν
1104 2170 1187 2232 χρη-

231 2243 345 2334 μάτων
361 2270 397 2311 τε
415 2240 453 2312 ἓν
469 2247 516 2335 τῷ
533 2240 608 2310 τότε
625 2239 749 2334 άπορίμ
766 2242 823 2310 καὶ
840 2241 908 2330 άμα
925 2239 991 2312 οῦκ
1008 2240 1188 2332 άξιόμαχου

232 2342 369 2432 ὁρῷντὸ
383 2341 490 2413 αὑτοῦ
502 2341 661 2412 ναυτικόν
673 2349 720 2437 τῷ
734 2349 902 2436 Περσικῷ,
917 2339 1044 2413 οῦκουν
1058 2346 1188 2414 ἐθέλων
1200 2372 1228 2414 εο

232 2445 312 2516 οῦδὲ
329 2446 420 2534 μέρει
436 2446 500 2514 τινί
520 2451 579 2533 τῆς
597 2449 751 2535 στρατιάς
767 2445 991 2514 κινδυνεύειν.
1026 2445 1135 2526 άλλως
1151 2473 1188 2515 τε

233 2547 373 2634 ἐπενόει,
399 2548 546 2635 κατέχων
562 2545 628 2634 ήδη
644 2551 692 2638 τῷ
708 2550 794 2639 πεζῷ
811 2545 873 2634 τήν
887 2544 1019 2634 Ἀσίαν,
1037 2547 1087 2615 ότι
1109 2545 1189 2616 οῦτε

232 2653 392 2719 ναυτικοῦ
411 2654 458 2716 ἔτι
475 2648 593 2733 δέοιτο,
610 2647 670 2727 τάς
686 2674 722 2716 τε
740 2654 926 2736 παραλίους
944 2647 1057 2728 πόλεις
1075 2646 1188 2736 λαβών

231 2747 410 2818 καταλύσει
433 2747 471 2816 τό
499 2754 643 2839 Περσῶν
668 2748 838 2836 ναυτικόν,
869 2747 948 2818 οῦτε
974 2746 1103 2818 ὁπόθεν
1129 2747 1188 2830 τάς

232 2843 420 2936 ὑπηρεσίας
450 2848 754 2938 συμπληρώσουσιν
788 2847 866 2918 οῦτε
896 2847 963 2937 ὅπη
992 2855 1049 2938 τής
1076 2847 1227 2932 Ἀσίαςεε

233 2951 453 3039 προσέξουσιν
463 2956 607 3038 ἔχοντας.
626 2949 751 3020 καίτὸν
760 2948 859 3020 άετόυ
867 2950 972 3042 ταύτῃ
983 2953 1190 3038 συνέβαλλεν

233 3052 284 3120 ὅτι
301 3051 465 3139 ἐσήμηνεν
482 3046 574 3144 αῦτῷ
600 3054 636 3120 έκ
658 3057 717 3139 τῆς
734 3058 795 3140 γῆς
812 3052 988 3142 κρατήσειν
1005 3057 1074 3121 τών
1089 3058 1187 3123 νεών.

199 3166 216 3216 2
314 3159 427 3224 Ταῦτα
451 3152 489 3221 δέ
506 3151 769 3242 διαπραξάμενος
787 3154 842 3222 ἐπὶ
859 3161 990 3244 Καρίας
1008 3155 1189 3242 ἐστέλλετο,

235 3255 284 3324 ότι
302 3257 338 3324 ἑν
351 3252 599 3346 Ἁλικαρνασσῷ
618 3257 857 3342 συνεστηκέναι
869 3251 910 3323 οῦ
930 3254 1063 3344 φαύλην
1081 3255 1189 3325 δύνα-

233 3383 290 3446 μιν
312 3360 381 3426 τών
402 3383 438 3425 τε
460 3353 641 3444 βαρβάρων
667 3356 724 3424 καὶ
742 3357 847 3438 ξένων
865 3357 1086 3444 ἐξηγγέλλετο.
1116 3355 1230 3428 ὅσαιεο

234 3457 273 3528 δέ
298 3460 334 3528 έν
359 3457 449 3549 μέσφ
467 3455 580 3537 πόλεις
598 3456 753 3545 Μιλήτου
779 3483 815 3526 τε
837 3457 894 3526 καὶ
914 3456 1190 3548 Ἁλικαρνασσοῦ,

233 3559 356 3640 ταύτας
388 3561 421 3642 ἐξ
453 3556 577 3646 ἐφόδου
604 3557 718 3647 λαβών
744 3558 1082 3648 καταστρατοπεδεύει
1107 3560 1191 3647 πρὸς
