<?xml version="1.0" encoding="UTF-8"?>
<!DOCTYPE html PUBLIC "-//W3C//DTD XHTML 1.0 Transitional//EN"
    "http://www.w3.org/TR/xhtml1/DTD/xhtml1-transitional.dtd">
<html xmlns="http://www.w3.org/1999/xhtml" xml:lang="en" lang="en">
 <head>
  <title>
</title>
<meta http-equiv="Content-Type" content="text/html;charset=utf-8" />
  <meta name='ocr-system' content='tesseract 3.04.00' />
  <meta name='ocr-capabilities' content='ocr_page ocr_carea ocr_par ocr_line ocrx_word'/>
</head>
<body>
  <div class='ocr_page' id='page_1' title='image "./arrianianabasis00abicgoog_0081.png"; bbox 0 0 2650 3948; ppageno 0'>
   <div class='ocr_carea' id='block_1_1' title="bbox 214 235 817 307">
    <p class='ocr_par' dir='ltr' id='par_1_1' title="bbox 214 235 817 307">
     <span class='ocr_line' id='line_1_1' title="bbox 214 235 817 307; baseline 0 -14"><span class='ocrx_word' id='word_1_1' title='bbox 214 240 258 307; x_wconf 76' lang='grc' dir='ltr'>ω</span> <span class='ocrx_word' id='word_1_2' title='bbox 566 235 817 298; x_wconf 60' lang='grc' dir='ltr'><strong><em>κατέκαινον</em></strong></span> 
     </span>
    </p>
   </div>
   <div class='ocr_carea' id='block_1_2' title="bbox 168 378 1216 978">
    <p class='ocr_par' dir='ltr' id='par_1_2' title="bbox 216 378 1175 674">
     <span class='ocr_line' id='line_1_2' title="bbox 216 378 1175 472; baseline -0.003 -19"><span class='ocrx_word' id='word_1_3' title='bbox 216 381 325 462; x_wconf 91' lang='grc' dir='ltr'><strong><em>πύλας</em></strong></span> <span class='ocrx_word' id='word_1_4' title='bbox 345 378 597 451; x_wconf 75' lang='grc' dir='ltr'><strong><em>ἀποκεκλείκασι</em></strong></span> <span class='ocrx_word' id='word_1_5' title='bbox 619 397 689 462; x_wconf 83' lang='grc' dir='ltr'><strong><em>τοῖς</em></strong></span> <span class='ocrx_word' id='word_1_6' title='bbox 713 380 793 472; x_wconf 90' lang='grc' dir='ltr'><strong><em>παρ’</em></strong></span> <span class='ocrx_word' id='word_1_7' title='bbox 815 379 1035 470; x_wconf 75' lang='grc' dir='ltr'><strong><em>Ἀλεξάνδρου</em></strong></span> <span class='ocrx_word' id='word_1_8' title='bbox 1060 380 1117 449; x_wconf 79' lang='grc' dir='ltr'><strong><em>καὶ</em></strong></span> <span class='ocrx_word' id='word_1_9' title='bbox 1134 378 1175 450; x_wconf 80' lang='grc' dir='ltr'><strong><em>τά</em></strong></span> 
     </span>
     <span class='ocr_line' id='line_1_3' title="bbox 216 475 1174 573; baseline -0.003 -19"><span class='ocrx_word' id='word_1_10' title='bbox 216 491 306 573; x_wconf 82' lang='grc' dir='ltr'><strong><em>τείχη</em></strong></span> <span class='ocrx_word' id='word_1_11' title='bbox 319 483 385 571; x_wconf 81' lang='grc' dir='ltr'><strong><em>ὅπη</em></strong></span> <span class='ocrx_word' id='word_1_12' title='bbox 398 482 607 570; x_wconf 81' lang='grc' dir='ltr'><strong><em>πεπονηκότα</em></strong></span> <span class='ocrx_word' id='word_1_13' title='bbox 621 475 664 570; x_wconf 91' lang='grc' dir='ltr'><strong><em>ήυ</em></strong></span> <span class='ocrx_word' id='word_1_14' title='bbox 675 483 935 570; x_wconf 76' lang='grc' dir='ltr'><strong><em>ἐπισκευάζουσι,</em></strong></span> <span class='ocrx_word' id='word_1_15' title='bbox 949 487 1053 551; x_wconf 80' lang='grc' dir='ltr'><strong><em>ταῦτα</em></strong></span> <span class='ocrx_word' id='word_1_16' title='bbox 1062 481 1174 551; x_wconf 89' lang='grc' dir='ltr'><strong><em>πυθό-</em></strong></span> 
     </span>
     <span class='ocr_line' id='line_1_4' title="bbox 216 581 837 674; baseline -0.002 -19"><span class='ocrx_word' id='word_1_17' title='bbox 216 613 316 674; x_wconf 85' lang='grc' dir='ltr'><strong><em>μενος</em></strong></span> <span class='ocrx_word' id='word_1_18' title='bbox 336 585 390 655; x_wconf 81' lang='grc' dir='ltr'><strong><em>ἐπὶ</em></strong></span> <span class='ocrx_word' id='word_1_19' title='bbox 404 582 589 655; x_wconf 75' lang='grc' dir='ltr'><strong><em>Ἀσπένδου</em></strong></span> <span class='ocrx_word' id='word_1_20' title='bbox 607 581 837 671; x_wconf 81' lang='grc' dir='ltr'><strong><em>ἀνεζεύγνυεν.</em></strong></span> 
     </span>
    </p>

    <p class='ocr_par' dir='ltr' id='par_1_3' title="bbox 168 683 1216 978">
     <span class='ocr_line' id='line_1_5' title="bbox 168 683 1175 774; baseline -0.009 -13"><span class='ocrx_word' id='word_1_21' title='bbox 168 697 208 761; x_wconf 78' lang='grc'><strong><em>27</em></strong></span> <span class='ocrx_word' id='word_1_22' title='bbox 285 685 446 756; x_wconf 77' lang='grc' dir='ltr'><strong><em>Ὧικισται</em></strong></span> <span class='ocrx_word' id='word_1_23' title='bbox 476 686 514 756; x_wconf 73' lang='grc' dir='ltr'><strong><em>δέ</em></strong></span> <span class='ocrx_word' id='word_1_24' title='bbox 543 690 601 772; x_wconf 89' lang='grc' dir='ltr'><strong><em>τής</em></strong></span> <span class='ocrx_word' id='word_1_25' title='bbox 627 683 813 756; x_wconf 77' lang='grc' dir='ltr'><strong><em>Ἀσπένδου</em></strong></span> <span class='ocrx_word' id='word_1_26' title='bbox 838 684 879 754; x_wconf 89' lang='grc' dir='ltr'><strong><em>τά</em></strong></span> <span class='ocrx_word' id='word_1_27' title='bbox 902 683 964 774; x_wconf 72' lang='grc' dir='ltr'><strong><em>μὲν</em></strong></span> <span class='ocrx_word' id='word_1_28' title='bbox 987 684 1095 754; x_wconf 73' lang='grc' dir='ltr'><strong><em>πολλοὶ</em></strong></span> <span class='ocrx_word' id='word_1_29' title='bbox 1121 684 1175 753; x_wconf 78' lang='grc' dir='ltr'><strong><em>ἐπὶ</em></strong></span> 
     </span>
     <span class='ocr_line' id='line_1_6' title="bbox 218 783 1216 880; baseline 0 -23"><span class='ocrx_word' id='word_1_30' title='bbox 218 784 306 878; x_wconf 82' lang='grc' dir='ltr'><strong><em>άκρᾳ</em></strong></span> <span class='ocrx_word' id='word_1_31' title='bbox 320 784 428 878; x_wconf 77' lang='grc' dir='ltr'><strong><em>όχνρᾷ</em></strong></span> <span class='ocrx_word' id='word_1_32' title='bbox 442 787 499 855; x_wconf 76' lang='grc' dir='ltr'><strong><em>καί</em></strong></span> <span class='ocrx_word' id='word_1_33' title='bbox 516 783 672 880; x_wconf 76' lang='grc' dir='ltr'><strong><em>ἀποτόμῳ</em></strong></span> <span class='ocrx_word' id='word_1_34' title='bbox 690 789 746 856; x_wconf 83' lang='grc' dir='ltr'><strong><em>καὶ</em></strong></span> <span class='ocrx_word' id='word_1_35' title='bbox 764 783 844 877; x_wconf 90' lang='grc' dir='ltr'><strong><em>παρ’</em></strong></span> <span class='ocrx_word' id='word_1_36' title='bbox 864 783 970 874; x_wconf 88' lang='grc' dir='ltr'><strong><em>αύτήν</em></strong></span> <span class='ocrx_word' id='word_1_37' title='bbox 987 785 1050 874; x_wconf 89' lang='grc' dir='ltr'><strong><em>τήν</em></strong></span> <span class='ocrx_word' id='word_1_38' title='bbox 1068 785 1174 875; x_wconf 91' lang='grc' dir='ltr'><strong><em>άκραν</em></strong></span> <span class='ocrx_word' id='word_1_39' title='bbox 1201 815 1216 857; x_wconf 85' lang='grc' dir='ltr'><strong><em>τ</em></strong></span> 
     </span>
     <span class='ocr_line' id='line_1_7' title="bbox 218 880 1176 978; baseline -0.005 -18"><span class='ocrx_word' id='word_1_40' title='bbox 218 887 236 960; x_wconf 86' lang='grc' dir='ltr'><strong><em>ὁ</em></strong></span> <span class='ocrx_word' id='word_1_41' title='bbox 252 887 461 978; x_wconf 80' lang='grc' dir='ltr'><strong><em>Εὐρυμέδων</em></strong></span> <span class='ocrx_word' id='word_1_42' title='bbox 474 887 620 977; x_wconf 85' lang='grc' dir='ltr'><strong><em>ποταμός</em></strong></span> <span class='ocrx_word' id='word_1_43' title='bbox 639 892 704 977; x_wconf 72' lang='grc' dir='ltr'><strong><em>δεῖ·</em></strong></span> <span class='ocrx_word' id='word_1_44' title='bbox 733 880 820 976; x_wconf 88' lang='grc' dir='ltr'><strong><em>ήσαν</em></strong></span> <span class='ocrx_word' id='word_1_45' title='bbox 838 887 876 957; x_wconf 73' lang='grc' dir='ltr'><strong><em>δέ</em></strong></span> <span class='ocrx_word' id='word_1_46' title='bbox 894 884 1008 968; x_wconf 78' lang='grc' dir='ltr'><strong><em>αύτοίς</em></strong></span> <span class='ocrx_word' id='word_1_47' title='bbox 1026 887 1176 974; x_wconf 81' lang='grc' dir='ltr'><strong><em>καὶπερὶ</em></strong></span> 
     </span>
    </p>
   </div>
   <div class='ocr_carea' id='block_1_3' title="bbox 184 987 1214 3612">
    <p class='ocr_par' dir='ltr' id='par_1_4' title="bbox 218 987 1176 1082">
     <span class='ocr_line' id='line_1_8' title="bbox 218 987 1176 1082; baseline -0.004 -22"><span class='ocrx_word' id='word_1_48' title='bbox 218 995 260 1081; x_wconf 84' lang='grc' dir='ltr'><strong><em>τή</em></strong></span> <span class='ocrx_word' id='word_1_49' title='bbox 292 989 379 1080; x_wconf 83' lang='grc' dir='ltr'><strong><em>ἀκρηι</em></strong></span> <span class='ocrx_word' id='word_1_50' title='bbox 411 992 448 1058; x_wconf 90' lang='grc' dir='ltr'><strong><em>ἐν</em></strong></span> <span class='ocrx_word' id='word_1_51' title='bbox 476 995 523 1081; x_wconf 80' lang='grc' dir='ltr'><strong><em>τῷ</em></strong></span> <span class='ocrx_word' id='word_1_52' title='bbox 547 992 708 1082; x_wconf 76' lang='grc' dir='ltr'><strong><em>χθαμαλῷ</em></strong></span> <span class='ocrx_word' id='word_1_53' title='bbox 736 988 800 1059; x_wconf 90' lang='grc' dir='ltr'><strong><em>ούκ</em></strong></span> <span class='ocrx_word' id='word_1_54' title='bbox 823 987 931 1076; x_wconf 91' lang='grc' dir='ltr'><strong><em>όλίγαι</em></strong></span> <span class='ocrx_word' id='word_1_55' title='bbox 954 987 1097 1077; x_wconf 81' lang='grc' dir='ltr'><strong><em>οἰκήσεις</em></strong></span> <span class='ocrx_word' id='word_1_56' title='bbox 1119 989 1176 1057; x_wconf 78' lang='grc' dir='ltr'><strong><em>καὶ</em></strong></span> 
     </span>
    </p>

    <p class='ocr_par' dir='ltr' id='par_1_5' title="bbox 184 1085 1214 1888">
     <span class='ocr_line' id='line_1_9' title="bbox 184 1085 1176 1180; baseline -0.001 -23"><span class='ocrx_word' id='word_1_57' title='bbox 184 1106 202 1157; x_wconf 84' lang='grc'><strong>2</strong></span> <span class='ocrx_word' id='word_1_58' title='bbox 218 1105 325 1180; x_wconf 73' lang='grc' dir='ltr'><strong><em>τεῖχος</em></strong></span> <span class='ocrx_word' id='word_1_59' title='bbox 339 1090 568 1178; x_wconf 78' lang='grc' dir='ltr'><strong><em>περιεβέβλητο</em></strong></span> <span class='ocrx_word' id='word_1_60' title='bbox 582 1088 699 1170; x_wconf 83' lang='grc' dir='ltr'><strong><em>αύταῑς</em></strong></span> <span class='ocrx_word' id='word_1_61' title='bbox 714 1085 756 1159; x_wconf 89' lang='grc' dir='ltr'><strong><em>ού</em></strong></span> <span class='ocrx_word' id='word_1_62' title='bbox 770 1091 864 1180; x_wconf 92' lang='grc' dir='ltr'><strong><em>μέγα.</em></strong></span> <span class='ocrx_word' id='word_1_63' title='bbox 888 1087 925 1160; x_wconf 90' lang='grc' dir='ltr'><strong><em>τό</em></strong></span> <span class='ocrx_word' id='word_1_64' title='bbox 939 1089 1001 1178; x_wconf 77' lang='grc' dir='ltr'><strong><em>μέν</em></strong></span> <span class='ocrx_word' id='word_1_65' title='bbox 1015 1089 1056 1178; x_wconf 84' lang='grc' dir='ltr'><strong><em>δή</em></strong></span> <span class='ocrx_word' id='word_1_66' title='bbox 1069 1104 1176 1178; x_wconf 82' lang='grc' dir='ltr'><strong><em>τεῖχος</em></strong></span> 
     </span>
     <span class='ocr_line' id='line_1_10' title="bbox 218 1189 1175 1281; baseline -0.003 -19"><span class='ocrx_word' id='word_1_67' title='bbox 218 1189 336 1280; x_wconf 85' lang='grc' dir='ltr'><strong><em>εύθύς,</em></strong></span> <span class='ocrx_word' id='word_1_68' title='bbox 361 1189 405 1272; x_wconf 81' lang='grc' dir='ltr'><strong><em>ἀς</em></strong></span> <span class='ocrx_word' id='word_1_69' title='bbox 422 1193 633 1281; x_wconf 88' lang='grc' dir='ltr'><strong><em>προσάγοντα</em></strong></span> <span class='ocrx_word' id='word_1_70' title='bbox 648 1190 867 1279; x_wconf 79' lang='grc' dir='ltr'><strong><em>Ἀλέξανδρον</em></strong></span> <span class='ocrx_word' id='word_1_71' title='bbox 885 1198 1048 1278; x_wconf 78' lang='grc' dir='ltr'><strong><em>ἔγνωσαν,</em></strong></span> <span class='ocrx_word' id='word_1_72' title='bbox 1069 1193 1175 1260; x_wconf 82' lang='grc' dir='ltr'><strong><em>ἐκλεί-</em></strong></span> 
     </span>
     <span class='ocr_line' id='line_1_11' title="bbox 218 1291 1214 1385; baseline -0.002 -21"><span class='ocrx_word' id='word_1_73' title='bbox 218 1314 340 1364; x_wconf 91' lang='grc' dir='ltr'><strong><em>πουσιν</em></strong></span> <span class='ocrx_word' id='word_1_74' title='bbox 369 1292 442 1363; x_wconf 87' lang='grc' dir='ltr'><strong><em>ὅσοι</em></strong></span> <span class='ocrx_word' id='word_1_75' title='bbox 472 1291 625 1385; x_wconf 75' lang='grc' dir='ltr'><strong><em>ἐπῴκουν</em></strong></span> <span class='ocrx_word' id='word_1_76' title='bbox 655 1294 711 1360; x_wconf 83' lang='grc' dir='ltr'><strong><em>καὶ</em></strong></span> <span class='ocrx_word' id='word_1_77' title='bbox 740 1292 798 1372; x_wconf 91' lang='grc' dir='ltr'><strong><em>τάς</em></strong></span> <span class='ocrx_word' id='word_1_78' title='bbox 828 1299 935 1372; x_wconf 80' lang='grc' dir='ltr'><strong><em>οἰκίας</em></strong></span> <span class='ocrx_word' id='word_1_79' title='bbox 962 1291 1042 1372; x_wconf 81' lang='grc' dir='ltr'><strong><em>ὅσας</em></strong></span> <span class='ocrx_word' id='word_1_80' title='bbox 1068 1294 1104 1361; x_wconf 83' lang='grc' dir='ltr'><strong><em>ἐν</em></strong></span> <span class='ocrx_word' id='word_1_81' title='bbox 1128 1299 1174 1384; x_wconf 76' lang='grc' dir='ltr'><strong><em>τῷ</em></strong></span> <span class='ocrx_word' id='word_1_82' title='bbox 1189 1319 1214 1362; x_wconf 86' lang='grc' dir='ltr'><strong><em>ιο</em></strong></span> 
     </span>
     <span class='ocr_line' id='line_1_12' title="bbox 217 1389 1177 1486; baseline -0.003 -22"><span class='ocrx_word' id='word_1_83' title='bbox 217 1395 380 1486; x_wconf 73' lang='grc' dir='ltr'><strong><em>χθαμαλῷ</em></strong></span> <span class='ocrx_word' id='word_1_84' title='bbox 416 1389 600 1486; x_wconf 83' lang='grc' dir='ltr'><strong><em>φ’κισμένας</em></strong></span> <span class='ocrx_word' id='word_1_85' title='bbox 637 1391 701 1462; x_wconf 89' lang='grc' dir='ltr'><strong><em>ούκ</em></strong></span> <span class='ocrx_word' id='word_1_86' title='bbox 733 1392 874 1463; x_wconf 90' lang='grc' dir='ltr'><strong><em>ἐδόκουν</em></strong></span> <span class='ocrx_word' id='word_1_87' title='bbox 904 1392 1103 1483; x_wconf 78' lang='grc' dir='ltr'><strong><em>διαφυλάξαι</em></strong></span> <span class='ocrx_word' id='word_1_88' title='bbox 1133 1390 1177 1462; x_wconf 84' lang='grc' dir='ltr'><strong><em>ἀν</em></strong></span> 
     </span>
     <span class='ocr_line' id='line_1_13' title="bbox 218 1491 1174 1584; baseline -0.003 -18"><span class='ocrx_word' id='word_1_89' title='bbox 218 1496 404 1566; x_wconf 85' lang='grc' dir='ltr'><strong><em>δύνασθαι·</em></strong></span> <span class='ocrx_word' id='word_1_90' title='bbox 448 1492 546 1564; x_wconf 78' lang='grc' dir='ltr'><strong><em>αύτολ</em></strong></span> <span class='ocrx_word' id='word_1_91' title='bbox 571 1493 608 1564; x_wconf 71' lang='grc' dir='ltr'><strong><em>δὲ</em></strong></span> <span class='ocrx_word' id='word_1_92' title='bbox 634 1497 667 1575; x_wconf 87' lang='grc' dir='ltr'><strong><em>ἐς</em></strong></span> <span class='ocrx_word' id='word_1_93' title='bbox 689 1493 751 1582; x_wconf 88' lang='grc' dir='ltr'><strong><em>τήν</em></strong></span> <span class='ocrx_word' id='word_1_94' title='bbox 777 1491 884 1584; x_wconf 85' lang='grc' dir='ltr'><strong><em>ἀκραν</em></strong></span> <span class='ocrx_word' id='word_1_95' title='bbox 914 1493 1174 1583; x_wconf 76' lang='grc' dir='ltr'><strong><em>ξυμφεύγουσιν.</em></strong></span> 
     </span>
     <span class='ocr_line' id='line_1_14' title="bbox 215 1593 1176 1686; baseline -0.002 -18"><span class='ocrx_word' id='word_1_96' title='bbox 215 1595 429 1686; x_wconf 82' lang='grc' dir='ltr'><strong><em>Ἀλέξανδρος</em></strong></span> <span class='ocrx_word' id='word_1_97' title='bbox 459 1595 497 1665; x_wconf 70' lang='grc' dir='ltr'><strong><em>δέ</em></strong></span> <span class='ocrx_word' id='word_1_98' title='bbox 523 1593 567 1676; x_wconf 80' lang='grc' dir='ltr'><strong><em>τός</em></strong></span> <span class='ocrx_word' id='word_1_99' title='bbox 592 1593 730 1684; x_wconf 88' lang='grc' dir='ltr'><strong><em>ἀφίκετο</em></strong></span> <span class='ocrx_word' id='word_1_100' title='bbox 755 1595 819 1678; x_wconf 81' lang='grc' dir='ltr'><strong><em>ξύν</em></strong></span> <span class='ocrx_word' id='word_1_101' title='bbox 841 1601 884 1686; x_wconf 80' lang='grc' dir='ltr'><strong><em>τῇ</em></strong></span> <span class='ocrx_word' id='word_1_102' title='bbox 907 1596 1064 1684; x_wconf 86' lang='grc' dir='ltr'><strong><em>δυνάμει,</em></strong></span> <span class='ocrx_word' id='word_1_103' title='bbox 1096 1606 1176 1666; x_wconf 79' lang='grc' dir='ltr'><strong><em>είσοι</em></strong></span> 
     </span>
     <span class='ocr_line' id='line_1_15' title="bbox 217 1695 1176 1787; baseline -0.002 -19"><span class='ocrx_word' id='word_1_104' title='bbox 217 1704 279 1768; x_wconf 86' lang='grc' dir='ltr'><strong><em>τού</em></strong></span> <span class='ocrx_word' id='word_1_105' title='bbox 304 1695 428 1787; x_wconf 84' lang='grc' dir='ltr'><strong><em>ἐρήμου</em></strong></span> <span class='ocrx_word' id='word_1_106' title='bbox 454 1703 583 1786; x_wconf 80' lang='grc' dir='ltr'><strong><em>τείχους</em></strong></span> <span class='ocrx_word' id='word_1_107' title='bbox 605 1696 788 1785; x_wconf 75' lang='grc' dir='ltr'><strong><em>παρελθών</em></strong></span> <span class='ocrx_word' id='word_1_108' title='bbox 812 1698 1176 1787; x_wconf 80' lang='grc' dir='ltr'><strong><em>κατεστρατοπέδευσεν</em></strong></span> 
     </span>
     <span class='ocr_line' id='line_1_16' title="bbox 219 1797 1213 1888; baseline 0 -18"><span class='ocrx_word' id='word_1_109' title='bbox 219 1802 256 1870; x_wconf 85' lang='grc' dir='ltr'><strong><em>έν</em></strong></span> <span class='ocrx_word' id='word_1_110' title='bbox 292 1813 365 1878; x_wconf 79' lang='grc' dir='ltr'><strong><em>ταῖς</em></strong></span> <span class='ocrx_word' id='word_1_111' title='bbox 403 1804 523 1878; x_wconf 77' lang='grc' dir='ltr'><strong><em>οἰκίαις</em></strong></span> <span class='ocrx_word' id='word_1_112' title='bbox 553 1813 624 1879; x_wconf 76' lang='grc' dir='ltr'><strong><em>ταῖς</em></strong></span> <span class='ocrx_word' id='word_1_113' title='bbox 655 1799 962 1886; x_wconf 85' lang='grc' dir='ltr'><strong><em>καταλελειμμέναις</em></strong></span> <span class='ocrx_word' id='word_1_114' title='bbox 992 1797 1075 1888; x_wconf 90' lang='grc' dir='ltr'><strong><em>πρός</em></strong></span> <span class='ocrx_word' id='word_1_115' title='bbox 1105 1804 1174 1867; x_wconf 79' lang='grc' dir='ltr'><strong><em>τῶν</em></strong></span> <span class='ocrx_word' id='word_1_116' title='bbox 1189 1829 1213 1870; x_wconf 83' lang='grc' dir='ltr'><strong><em>ιε</em></strong></span> 
     </span>
    </p>

    <p class='ocr_par' dir='ltr' id='par_1_6' title="bbox 184 1895 1212 2495">
     <span class='ocr_line' id='line_1_17' title="bbox 184 1895 1175 1979; baseline 0.004 -15"><span class='ocrx_word' id='word_1_117' title='bbox 184 1895 430 1970; x_wconf 79' lang='grc' dir='ltr'><strong><em>3Ἀσπενδίων.</em></strong></span> <span class='ocrx_word' id='word_1_118' title='bbox 479 1903 514 1969; x_wconf 88' lang='grc' dir='ltr'><strong><em>οί</em></strong></span> <span class='ocrx_word' id='word_1_119' title='bbox 534 1899 572 1970; x_wconf 69' lang='grc' dir='ltr'><strong><em>δέ</em></strong></span> <span class='ocrx_word' id='word_1_120' title='bbox 591 1897 779 1970; x_wconf 83' lang='grc' dir='ltr'><strong><em>Ἀσπένδιοι</em></strong></span> <span class='ocrx_word' id='word_1_121' title='bbox 810 1899 854 1979; x_wconf 82' lang='grc' dir='ltr'><strong><em>άς</em></strong></span> <span class='ocrx_word' id='word_1_122' title='bbox 886 1898 977 1970; x_wconf 81' lang='grc' dir='ltr'><strong><em>εἶδον</em></strong></span> <span class='ocrx_word' id='word_1_123' title='bbox 1006 1896 1111 1968; x_wconf 91' lang='grc' dir='ltr'><strong><em>αύτόν</em></strong></span> <span class='ocrx_word' id='word_1_124' title='bbox 1139 1925 1175 1968; x_wconf 89' lang='grc' dir='ltr'><strong><em>τε</em></strong></span> 
     </span>
     <span class='ocr_line' id='line_1_18' title="bbox 216 1996 1174 2091; baseline -0.002 -21"><span class='ocrx_word' id='word_1_125' title='bbox 216 1996 433 2089; x_wconf 83' lang='grc' dir='ltr'><strong><em>Ἀλέξανδρον</em></strong></span> <span class='ocrx_word' id='word_1_126' title='bbox 450 1997 525 2091; x_wconf 87' lang='grc' dir='ltr'><strong><em>παρ’</em></strong></span> <span class='ocrx_word' id='word_1_127' title='bbox 546 2003 664 2071; x_wconf 77' lang='grc' dir='ltr'><strong><em>ἐλπίδα</em></strong></span> <span class='ocrx_word' id='word_1_128' title='bbox 682 2001 804 2088; x_wconf 83' lang='grc' dir='ltr'><strong><em>ἥκοντα</em></strong></span> <span class='ocrx_word' id='word_1_129' title='bbox 821 2002 877 2069; x_wconf 79' lang='grc' dir='ltr'><strong><em>καὶ</em></strong></span> <span class='ocrx_word' id='word_1_130' title='bbox 894 2000 931 2070; x_wconf 89' lang='grc' dir='ltr'><strong><em>τό</em></strong></span> <span class='ocrx_word' id='word_1_131' title='bbox 951 1999 1174 2089; x_wconf 87' lang='grc' dir='ltr'><strong><em>στρατόπεδον</em></strong></span> 
     </span>
     <span class='ocr_line' id='line_1_19' title="bbox 219 2101 1175 2196; baseline -0.003 -24"><span class='ocrx_word' id='word_1_132' title='bbox 219 2107 256 2172; x_wconf 88' lang='grc' dir='ltr'><strong><em>ἐν</em></strong></span> <span class='ocrx_word' id='word_1_133' title='bbox 273 2101 388 2196; x_wconf 87' lang='grc' dir='ltr'><strong><em>κύκλφ</em></strong></span> <span class='ocrx_word' id='word_1_134' title='bbox 407 2109 504 2191; x_wconf 77' lang='grc' dir='ltr'><strong><em>σφῶν</em></strong></span> <span class='ocrx_word' id='word_1_135' title='bbox 521 2101 645 2189; x_wconf 85' lang='grc' dir='ltr'><strong><em>πάντη,</em></strong></span> <span class='ocrx_word' id='word_1_136' title='bbox 664 2103 853 2190; x_wconf 82' lang='grc' dir='ltr'><strong><em>πέμψαντες</em></strong></span> <span class='ocrx_word' id='word_1_137' title='bbox 871 2104 1024 2192; x_wconf 85' lang='grc' dir='ltr'><strong><em>πρέσβεις</em></strong></span> <span class='ocrx_word' id='word_1_138' title='bbox 1043 2102 1175 2170; x_wconf 82' lang='grc' dir='ltr'><strong><em>ἐδέοντο</em></strong></span> 
     </span>
     <span class='ocr_line' id='line_1_20' title="bbox 220 2198 1176 2293; baseline -0.004 -19"><span class='ocrx_word' id='word_1_139' title='bbox 220 2201 269 2292; x_wconf 78' lang='grc' dir='ltr'><strong><em>ἐφ’</em></strong></span> <span class='ocrx_word' id='word_1_140' title='bbox 295 2198 411 2293; x_wconf 79' lang='grc' dir='ltr'><strong><em>οἷσπερ</em></strong></span> <span class='ocrx_word' id='word_1_141' title='bbox 436 2201 473 2272; x_wconf 87' lang='grc' dir='ltr'><strong><em>τό</em></strong></span> <span class='ocrx_word' id='word_1_142' title='bbox 497 2203 661 2293; x_wconf 88' lang='grc' dir='ltr'><strong><em>πρότερον</em></strong></span> <span class='ocrx_word' id='word_1_143' title='bbox 678 2205 851 2291; x_wconf 80' lang='grc' dir='ltr'><strong><em>ξυμβῆναι.</em></strong></span> <span class='ocrx_word' id='word_1_144' title='bbox 886 2205 944 2273; x_wconf 81' lang='grc' dir='ltr'><strong><em>καὶ</em></strong></span> <span class='ocrx_word' id='word_1_145' title='bbox 958 2202 1176 2292; x_wconf 81' lang='grc' dir='ltr'><strong><em>Ἀλέξανδρος</em></strong></span> 
     </span>
     <span class='ocr_line' id='line_1_21' title="bbox 217 2300 1212 2394; baseline 0.001 -20"><span class='ocrx_word' id='word_1_146' title='bbox 217 2304 256 2375; x_wconf 91' lang='grc' dir='ltr'><strong><em>τό</em></strong></span> <span class='ocrx_word' id='word_1_147' title='bbox 285 2331 321 2373; x_wconf 91' lang='grc' dir='ltr'><strong><em>τε</em></strong></span> <span class='ocrx_word' id='word_1_148' title='bbox 351 2311 473 2394; x_wconf 79' lang='grc' dir='ltr'><strong><em>χορίου</em></strong></span> <span class='ocrx_word' id='word_1_149' title='bbox 501 2300 627 2393; x_wconf 90' lang='grc' dir='ltr'><strong><em>όχνρδν</em></strong></span> <span class='ocrx_word' id='word_1_150' title='bbox 651 2300 735 2373; x_wconf 80' lang='grc' dir='ltr'><strong><em>ι’δύν</em></strong></span> <span class='ocrx_word' id='word_1_151' title='bbox 758 2305 813 2374; x_wconf 83' lang='grc' dir='ltr'><strong><em>καὶ</em></strong></span> <span class='ocrx_word' id='word_1_152' title='bbox 838 2302 939 2385; x_wconf 86' lang='grc' dir='ltr'><strong><em>αότδς</em></strong></span> <span class='ocrx_word' id='word_1_153' title='bbox 964 2301 1008 2384; x_wconf 79' lang='grc' dir='ltr'><strong><em>τός</em></strong></span> <span class='ocrx_word' id='word_1_154' title='bbox 1033 2302 1096 2372; x_wconf 86' lang='grc' dir='ltr'><strong><em>ούκ</em></strong></span> <span class='ocrx_word' id='word_1_155' title='bbox 1121 2304 1212 2375; x_wconf 83' lang='grc' dir='ltr'><strong><em>έπίει</em></strong></span> 
     </span>
     <span class='ocr_line' id='line_1_22' title="bbox 218 2402 1176 2495; baseline -0.002 -20"><span class='ocrx_word' id='word_1_156' title='bbox 218 2404 353 2495; x_wconf 90' lang='grc' dir='ltr'><strong><em>χρόνιον</em></strong></span> <span class='ocrx_word' id='word_1_157' title='bbox 371 2412 566 2495; x_wconf 91' lang='grc' dir='ltr'><strong><em>πολιορκίαν</em></strong></span> <span class='ocrx_word' id='word_1_158' title='bbox 583 2405 892 2493; x_wconf 81' lang='grc' dir='ltr'><strong><em>παρεσκευασμένος</em></strong></span> <span class='ocrx_word' id='word_1_159' title='bbox 912 2406 965 2475; x_wconf 76' lang='grc' dir='ltr'><strong><em>ἐπὶ</em></strong></span> <span class='ocrx_word' id='word_1_160' title='bbox 978 2419 1046 2485; x_wconf 81' lang='grc' dir='ltr'><strong><em>τοῖς</em></strong></span> <span class='ocrx_word' id='word_1_161' title='bbox 1060 2402 1176 2486; x_wconf 80' lang='grc' dir='ltr'><strong><em>αὐτοῖς</em></strong></span> 
     </span>
    </p>

    <p class='ocr_par' dir='ltr' id='par_1_7' title="bbox 184 2503 1213 3206">
     <span class='ocr_line' id='line_1_23' title="bbox 184 2503 1177 2596; baseline 0.005 -25"><span class='ocrx_word' id='word_1_162' title='bbox 184 2521 202 2570; x_wconf 79' lang='grc'><strong>4</strong></span> <span class='ocrx_word' id='word_1_163' title='bbox 218 2507 281 2596; x_wconf 74' lang='grc' dir='ltr'><strong><em>μέν</em></strong></span> <span class='ocrx_word' id='word_1_164' title='bbox 294 2505 374 2575; x_wconf 73' lang='grc' dir='ltr'><strong><em>οὐδὲ</em></strong></span> <span class='ocrx_word' id='word_1_165' title='bbox 389 2503 433 2588; x_wconf 70' lang='grc' dir='ltr'><strong><em>δὶς</em></strong></span> <span class='ocrx_word' id='word_1_166' title='bbox 446 2507 567 2596; x_wconf 80' lang='grc' dir='ltr'><strong><em>ξυνέβη</em></strong></span> <span class='ocrx_word' id='word_1_167' title='bbox 580 2506 665 2594; x_wconf 86' lang='grc' dir='ltr'><strong><em>πρὸς</em></strong></span> <span class='ocrx_word' id='word_1_168' title='bbox 678 2503 816 2587; x_wconf 87' lang='grc' dir='ltr'><strong><em>αύτούς·</em></strong></span> <span class='ocrx_word' id='word_1_169' title='bbox 842 2505 989 2596; x_wconf 84' lang='grc' dir='ltr'><strong><em>ὁμήρους</em></strong></span> <span class='ocrx_word' id='word_1_170' title='bbox 1003 2506 1041 2576; x_wconf 75' lang='grc' dir='ltr'><strong><em>δὲ</em></strong></span> <span class='ocrx_word' id='word_1_171' title='bbox 1055 2510 1177 2576; x_wconf 88' lang='grc' dir='ltr'><strong><em>δούναι</em></strong></span> 
     </span>
     <span class='ocr_line' id='line_1_24' title="bbox 219 2606 1175 2695; baseline -0.002 -17"><span class='ocrx_word' id='word_1_172' title='bbox 219 2613 317 2695; x_wconf 82' lang='grc' dir='ltr'><strong><em>σφύν</em></strong></span> <span class='ocrx_word' id='word_1_173' title='bbox 339 2606 419 2688; x_wconf 84' lang='grc' dir='ltr'><strong><em>τούς</em></strong></span> <span class='ocrx_word' id='word_1_174' title='bbox 437 2608 689 2688; x_wconf 83' lang='grc' dir='ltr'><strong><em>δυνατωτάτους</em></strong></span> <span class='ocrx_word' id='word_1_175' title='bbox 709 2609 862 2678; x_wconf 88' lang='grc' dir='ltr'><strong><em>ἐκέλευσε</em></strong></span> <span class='ocrx_word' id='word_1_176' title='bbox 880 2609 935 2678; x_wconf 78' lang='grc' dir='ltr'><strong><em>καί</em></strong></span> <span class='ocrx_word' id='word_1_177' title='bbox 952 2606 1032 2688; x_wconf 85' lang='grc' dir='ltr'><strong><em>τούς</em></strong></span> <span class='ocrx_word' id='word_1_178' title='bbox 1050 2611 1175 2688; x_wconf 82' lang='grc' dir='ltr'><strong><em>ἵππους</em></strong></span> 
     </span>
     <span class='ocr_line' id='line_1_25' title="bbox 219 2706 1175 2799; baseline -0.002 -20"><span class='ocrx_word' id='word_1_179' title='bbox 219 2706 280 2789; x_wconf 81' lang='grc' dir='ltr'><strong><em>οός</em></strong></span> <span class='ocrx_word' id='word_1_180' title='bbox 303 2708 455 2799; x_wconf 82' lang='grc' dir='ltr'><strong><em>πρόσθεν</em></strong></span> <span class='ocrx_word' id='word_1_181' title='bbox 478 2707 697 2798; x_wconf 79' lang='grc' dir='ltr'><strong><em>ὡμολόγησαν</em></strong></span> <span class='ocrx_word' id='word_1_182' title='bbox 720 2710 777 2777; x_wconf 81' lang='grc' dir='ltr'><strong><em>καί</em></strong></span> <span class='ocrx_word' id='word_1_183' title='bbox 803 2709 921 2780; x_wconf 85' lang='grc' dir='ltr'><strong><em>ἑκατόν</em></strong></span> <span class='ocrx_word' id='word_1_184' title='bbox 938 2706 1175 2778; x_wconf 79' lang='grc' dir='ltr'><strong><em>τάλανταάντὶ</em></strong></span> 
     </span>
     <span class='ocr_line' id='line_1_26' title="bbox 219 2804 1213 2904; baseline 0.002 -24"><span class='ocrx_word' id='word_1_185' title='bbox 219 2816 286 2880; x_wconf 78' lang='grc' dir='ltr'><strong><em>τῶν</em></strong></span> <span class='ocrx_word' id='word_1_186' title='bbox 303 2809 524 2898; x_wconf 88' lang='grc' dir='ltr'><strong><em>πεντήκοντα,</em></strong></span> <span class='ocrx_word' id='word_1_187' title='bbox 547 2810 604 2878; x_wconf 85' lang='grc' dir='ltr'><strong><em>καὶ</em></strong></span> <span class='ocrx_word' id='word_1_188' title='bbox 621 2817 799 2880; x_wconf 86' lang='grc' dir='ltr'><strong><em>πείθεσθαι</em></strong></span> <span class='ocrx_word' id='word_1_189' title='bbox 815 2819 864 2904; x_wconf 75' lang='grc' dir='ltr'><strong><em>τῷ</em></strong></span> <span class='ocrx_word' id='word_1_190' title='bbox 882 2811 1034 2902; x_wconf 86' lang='grc' dir='ltr'><strong><em>σατράπη</em></strong></span> <span class='ocrx_word' id='word_1_191' title='bbox 1051 2816 1098 2902; x_wconf 77' lang='grc' dir='ltr'><strong><em>τῷ</em></strong></span> <span class='ocrx_word' id='word_1_192' title='bbox 1116 2804 1171 2879; x_wconf 77' lang='grc' dir='ltr'><strong><em>ὑπ’</em></strong></span> <span class='ocrx_word' id='word_1_193' title='bbox 1188 2840 1213 2882; x_wconf 79' lang='grc' dir='ltr'><strong><em>οε</em></strong></span> 
     </span>
     <span class='ocr_line' id='line_1_27' title="bbox 216 2909 1176 3002; baseline -0.001 -21"><span class='ocrx_word' id='word_1_194' title='bbox 216 2909 437 3001; x_wconf 81' lang='grc' dir='ltr'><strong><em>Ἀλεξάνδρου</em></strong></span> <span class='ocrx_word' id='word_1_195' title='bbox 450 2911 606 2999; x_wconf 75' lang='grc' dir='ltr'><strong><em>ταχθέντι</em></strong></span> <span class='ocrx_word' id='word_1_196' title='bbox 622 2913 678 2980; x_wconf 79' lang='grc' dir='ltr'><strong><em>καί</em></strong></span> <span class='ocrx_word' id='word_1_197' title='bbox 695 2911 822 3002; x_wconf 84' lang='grc' dir='ltr'><strong><em>φόρους</em></strong></span> <span class='ocrx_word' id='word_1_198' title='bbox 839 2911 1021 3002; x_wconf 81' lang='grc' dir='ltr'><strong><em>ἀποφέρειν</em></strong></span> <span class='ocrx_word' id='word_1_199' title='bbox 1039 2912 1102 2982; x_wconf 85' lang='grc' dir='ltr'><strong><em>ὅσα</em></strong></span> <span class='ocrx_word' id='word_1_200' title='bbox 1121 2917 1176 3000; x_wconf 81' lang='grc' dir='ltr'><strong><em>ἔτη</em></strong></span> 
     </span>
     <span class='ocr_line' id='line_1_28' title="bbox 222 3009 1175 3104; baseline -0.003 -19"><span class='ocrx_word' id='word_1_201' title='bbox 222 3012 412 3100; x_wconf 89' lang='grc' dir='ltr'><strong><em>Μακεδόσι,</em></strong></span> <span class='ocrx_word' id='word_1_202' title='bbox 438 3013 495 3081; x_wconf 82' lang='grc' dir='ltr'><strong><em>καὶ</em></strong></span> <span class='ocrx_word' id='word_1_203' title='bbox 512 3009 598 3102; x_wconf 68' lang='grc' dir='ltr'><strong><em>ὑπὲρ</em></strong></span> <span class='ocrx_word' id='word_1_204' title='bbox 615 3019 674 3101; x_wconf 90' lang='grc' dir='ltr'><strong><em>τής</em></strong></span> <span class='ocrx_word' id='word_1_205' title='bbox 692 3012 800 3102; x_wconf 75' lang='grc' dir='ltr'><strong><em>χώρας</em></strong></span> <span class='ocrx_word' id='word_1_206' title='bbox 818 3019 1031 3104; x_wconf 83' lang='grc' dir='ltr'><strong><em>διακριθῆναι</em></strong></span> <span class='ocrx_word' id='word_1_207' title='bbox 1048 3009 1090 3100; x_wconf 86' lang='grc' dir='ltr'><strong><em>ήν</em></strong></span> <span class='ocrx_word' id='word_1_208' title='bbox 1107 3018 1175 3082; x_wconf 77' lang='grc' dir='ltr'><strong><em>τῶν</em></strong></span> 
     </span>
     <span class='ocr_line' id='line_1_29' title="bbox 221 3105 1071 3206; baseline 0.001 -22"><span class='ocrx_word' id='word_1_209' title='bbox 221 3112 427 3205; x_wconf 81' lang='grc' dir='ltr'><strong><em>προσχύρων</em></strong></span> <span class='ocrx_word' id='word_1_210' title='bbox 445 3105 554 3184; x_wconf 87' lang='grc' dir='ltr'><strong><em>ούσαν</em></strong></span> <span class='ocrx_word' id='word_1_211' title='bbox 570 3120 629 3205; x_wconf 86' lang='grc' dir='ltr'><strong><em>βίᾳ</em></strong></span> <span class='ocrx_word' id='word_1_212' title='bbox 646 3115 794 3203; x_wconf 88' lang='grc' dir='ltr'><strong><em>κατέχειν</em></strong></span> <span class='ocrx_word' id='word_1_213' title='bbox 813 3120 850 3185; x_wconf 85' lang='grc' dir='ltr'><strong><em>ἐν</em></strong></span> <span class='ocrx_word' id='word_1_214' title='bbox 867 3121 958 3206; x_wconf 82' lang='grc' dir='ltr'><strong><em>αίτίηι</em></strong></span> <span class='ocrx_word' id='word_1_215' title='bbox 974 3108 1071 3203; x_wconf 89' lang='grc' dir='ltr'><strong><em>ήσαν.</em></strong></span> 
     </span>
    </p>

    <p class='ocr_par' dir='ltr' id='par_1_8' title="bbox 185 3212 1213 3612">
     <span class='ocr_line' id='line_1_30' title="bbox 185 3212 1176 3305; baseline 0.008 -26"><span class='ocrx_word' id='word_1_216' title='bbox 185 3230 204 3279; x_wconf 78' lang='grc' dir='ltr'><strong><em>σ</em></strong></span> <span class='ocrx_word' id='word_1_217' title='bbox 292 3213 348 3295; x_wconf 80' lang='grc' dir='ltr'><strong><em>Ὡς</em></strong></span> <span class='ocrx_word' id='word_1_218' title='bbox 366 3214 405 3284; x_wconf 71' lang='grc' dir='ltr'><strong><em>δὲ</em></strong></span> <span class='ocrx_word' id='word_1_219' title='bbox 422 3215 530 3285; x_wconf 89' lang='grc' dir='ltr'><strong><em>πάντα</em></strong></span> <span class='ocrx_word' id='word_1_220' title='bbox 548 3219 583 3285; x_wconf 91' lang='grc' dir='ltr'><strong><em>οί</em></strong></span> <span class='ocrx_word' id='word_1_221' title='bbox 599 3215 824 3305; x_wconf 79' lang='grc' dir='ltr'><strong><em>ἐπεχώρησαν,</em></strong></span> <span class='ocrx_word' id='word_1_222' title='bbox 843 3212 1015 3301; x_wconf 78' lang='grc' dir='ltr'><strong><em>ἀνέζευξεν</em></strong></span> <span class='ocrx_word' id='word_1_223' title='bbox 1034 3220 1066 3297; x_wconf 87' lang='grc' dir='ltr'><strong><em>ἐς</em></strong></span> <span class='ocrx_word' id='word_1_224' title='bbox 1085 3218 1176 3304; x_wconf 68' lang='grc' dir='ltr'><strong><em>Πέρρ</em></strong></span> 
     </span>
     <span class='ocr_line' id='line_1_31' title="bbox 221 3309 1213 3407; baseline 0.006 -23"><span class='ocrx_word' id='word_1_225' title='bbox 221 3345 302 3404; x_wconf 93' lang='grc' dir='ltr'><strong><em>γην,</em></strong></span> <span class='ocrx_word' id='word_1_226' title='bbox 329 3313 486 3386; x_wconf 77' lang='grc' dir='ltr'><strong><em>κάκεῖθεν</em></strong></span> <span class='ocrx_word' id='word_1_227' title='bbox 511 3319 544 3398; x_wconf 88' lang='grc' dir='ltr'><strong><em>ἐς</em></strong></span> <span class='ocrx_word' id='word_1_228' title='bbox 563 3324 717 3407; x_wconf 91' lang='grc' dir='ltr'><strong><em>Φρυγίαν</em></strong></span> <span class='ocrx_word' id='word_1_229' title='bbox 743 3317 887 3407; x_wconf 76' lang='grc' dir='ltr'><strong><em>ὥρμητο·</em></strong></span> <span class='ocrx_word' id='word_1_230' title='bbox 930 3309 973 3406; x_wconf 88' lang='grc' dir='ltr'><strong><em>ήν</em></strong></span> <span class='ocrx_word' id='word_1_231' title='bbox 992 3317 1030 3387; x_wconf 69' lang='grc' dir='ltr'><strong><em>δέ</em></strong></span> <span class='ocrx_word' id='word_1_232' title='bbox 1048 3315 1137 3388; x_wconf 80' lang='grc' dir='ltr'><strong><em>αύτύ</em></strong></span> <span class='ocrx_word' id='word_1_233' title='bbox 1156 3315 1213 3406; x_wconf 84' lang='grc' dir='ltr'><strong><em>ήοε</em></strong></span> 
     </span>
     <span class='ocr_line' id='line_1_32' title="bbox 223 3390 1177 3511; baseline 0.003 -24"><span class='ocrx_word' id='word_1_234' title='bbox 223 3423 340 3507; x_wconf 84' lang='grc' dir='ltr'><strong><em>πορεία</em></strong></span> <span class='ocrx_word' id='word_1_235' title='bbox 369 3417 459 3508; x_wconf 85' lang='grc' dir='ltr'><strong><em>παρά</em></strong></span> <span class='ocrx_word' id='word_1_236' title='bbox 491 3418 682 3507; x_wconf 84' lang='grc' dir='ltr'><strong><em>Τερμησσόν</em></strong></span> <span class='ocrx_word' id='word_1_237' title='bbox 713 3417 821 3488; x_wconf 85' lang='grc' dir='ltr'><strong><em>πόλιν.</em></strong></span> <span class='ocrx_word' id='word_1_238' title='bbox 873 3423 908 3488; x_wconf 92' lang='grc' dir='ltr'><strong><em>οί</em></strong></span> <span class='ocrx_word' id='word_1_239' title='bbox 935 3418 973 3489; x_wconf 75' lang='grc' dir='ltr'><strong><em>δέ</em></strong></span> <span class='ocrx_word' id='word_1_240' title='bbox 1003 3390 1177 3511; x_wconf 81' lang='grc' dir='ltr'><strong><em>άνθρύποι</em></strong></span> 
     </span>
     <span class='ocr_line' id='line_1_33' title="bbox 221 3509 1177 3612; baseline 0.003 -23"><span class='ocrx_word' id='word_1_241' title='bbox 221 3509 315 3590; x_wconf 79' lang='grc' dir='ltr'><strong><em>οὗτοι</em></strong></span> <span class='ocrx_word' id='word_1_242' title='bbox 342 3515 380 3589; x_wconf 89' lang='grc' dir='ltr'><strong><em>τδ</em></strong></span> <span class='ocrx_word' id='word_1_243' title='bbox 403 3519 465 3610; x_wconf 85' lang='grc' dir='ltr'><strong><em>μέυ</em></strong></span> <span class='ocrx_word' id='word_1_244' title='bbox 489 3520 586 3608; x_wconf 91' lang='grc' dir='ltr'><strong><em>γένος</em></strong></span> <span class='ocrx_word' id='word_1_245' title='bbox 610 3525 746 3591; x_wconf 88' lang='grc' dir='ltr'><strong><em>Πισίδαι</em></strong></span> <span class='ocrx_word' id='word_1_246' title='bbox 770 3519 834 3588; x_wconf 77' lang='grc' dir='ltr'><strong><em>είσὶ</em></strong></span> <span class='ocrx_word' id='word_1_247' title='bbox 855 3518 1029 3611; x_wconf 89' lang='grc' dir='ltr'><strong><em>βάρβαροι,</em></strong></span> <span class='ocrx_word' id='word_1_248' title='bbox 1052 3528 1177 3612; x_wconf 86' lang='grc' dir='ltr'><strong><em>χωρίον</em></strong></span> 
     </span>
    </p>
   </div>
   <div class='ocr_carea' id='block_1_4' title="bbox 0 0 1330 3948">
    <p class='ocr_par' dir='ltr' id='par_1_9' title="bbox 0 0 1330 3948">
     <span class='ocr_line' id='line_1_34' title="bbox 0 0 1330 3948; baseline 0 0"><span class='ocrx_word' id='word_1_249' title='bbox 0 0 1330 3948; x_wconf 95' lang='lat' dir='ltr'><strong><em> </em></strong></span> 
     </span>
    </p>
   </div>
  </div>
 </body>
</html>
