2650 3948
214 250 259 316 ςο
566 244 819 308 mmmm

182 399 331 481 σβαινεν
363 393 397 473 ές
425 390 488 479 τὴν
511 397 675 462 Κιλικίαν.
723 392 780 459 καὶ
807 393 957 460 ἐνταῦθα
980 388 1175 478 ἀγγέλλεται

217 493 308 587 αύτοῖ
329 492 492 582 Ἀρσάμης
515 492 565 560 ὅτι
588 492 741 582 πρόσθεν
763 491 826 580 μὲν
852 492 980 562 ἐπενόει
1003 494 1174 578 διασώζειν

216 599 363 683 Πέρσαις
380 595 443 681 την
461 593 605 682 Ταρσόν,
625 591 670 674 ὥς
689 593 727 662 δὲ
743 587 1015 682 ὑπερβεβληκότα
1031 593 1098 682 ἤδη
1114 594 1174 675 τάς

215 697 325 778 πύλας
338 696 483 766 ἐπύθετο
498 694 715 784 Ἀλέξανδρον
729 698 876 764 ἐκλιπεῖν
893 698 930 764 έν
946 701 996 788 νῳ
1015 695 1177 784 ἔχειντὴν

216 797 331 868 πόλιν·
366 798 512 867 δεδιέναι
534 791 599 866 οὖν
615 796 696 878 τούς
717 797 865 884 Ταρσέας
882 795 928 883 μὴ
948 794 997 884 ἐφ’
1017 795 1173 885 ἁρπαγὴν
1199 828 1211 870 ι

215 900 352 987 τραπεὶς
376 897 465 968 οὗτοι
482 897 544 985 τὴν
562 896 739 979 ἀπόλειψιν
756 900 814 984 τῆς
838 903 971 984 Ταρσοῦ
989 898 1173 985 ποιήσηται.

182 1011 199 1061 6
216 1005 322 1069 ταῦτα
340 996 487 1080 οἰκούσας
505 999 619 1092 δρόμῳ
636 993 719 1087 ἦγεν
738 999 791 1067 ἐπὶ
808 996 870 1085 τὴν
894 999 1025 1086 Ταρσόν
1041 999 1121 1080 τούς
1137 1025 1174 1068 τε

217 1101 337 1181 ἱππέας
366 1101 423 1169 καὶ
452 1106 521 1169 τοῖν
550 1103 660 1182 ψιλῶν
690 1099 763 1169 ὅσοι
790 1099 1009 1186 κουφότατοι,
1041 1100 1125 1169 ὥστε
1153 1097 1173 1170 ό

213 1200 377 1292 Ἀρσάμης
405 1212 527 1290 μαθων
552 1199 659 1270 αὐτοῦ
682 1199 745 1286 τὴν
769 1198 877 1288 ὁρμὴν
900 1204 1032 1290 σπονδῇ
1057 1199 1175 1287 φεύγει

216 1307 253 1372 έκ
268 1309 327 1391 τῆς
345 1309 480 1392 Ταρσοῦ
497 1301 588 1392 παρά
604 1303 742 1390 βασιλέα
756 1315 905 1390 Δαρεῖον
921 1299 1026 1372 ούδέν
1042 1302 1172 1388 βλάψας
1186 1333 1212 1374 ιο

215 1403 278 1494 τὴν
294 1404 403 1474 πόλιν.

181 1518 198 1571 7
289 1504 504 1593 Ἀλέξανδρος
528 1505 584 1593 δέ,
611 1502 655 1585 οδς
678 1503 740 1592 μὲν
755 1498 997 1598 Ἀριστοβούλῳ
1016 1506 1174 1593 λέλεκται,

215 1601 285 1676 ύπδ
299 1607 448 1696 καμάτου
463 1604 640 1693 ἐνόσησεν
667 1610 702 1674 οῖ
713 1605 751 1674 δὲ
769 1613 816 1687 εἰς
835 1606 896 1675 τόν
910 1607 1051 1676 Κύδνον
1068 1633 1172 1676 ποτα·

215 1708 281 1798 μδν
299 1709 435 1795 λέγουσι
453 1710 598 1796 ῥίψαντα
622 1706 804 1795 νήξασθαι,
836 1707 1088 1796 ἐπιθυμήσαντα
1111 1713 1173 1778 τοῦ

216 1809 351 1896 ύδατος,
361 1813 517 1896 ἱἱδρῶντα
532 1809 589 1876 καὶ
602 1809 744 1895 καύματι
758 1807 923 1898 ἐχόμενον.
952 1811 970 1878 ὁ
985 1809 1023 1880 δδ
1036 1808 1172 1890 Κύδνος
1186 1837 1211 1880 ιο

217 1914 273 1997 ῥεῖ
294 1910 348 1979 διά
372 1911 474 1998 μέσης
497 1915 557 1998 τῆς
581 1909 721 1989 πόλεως·
758 1905 813 1978 οἷα
836 1909 873 1979 δὲ
894 1913 930 1979 έκ
953 1915 1015 1980 τοῦ
1038 1911 1172 2000 Ταύρου

216 2010 318 2101 ὅρους
345 2017 415 2081 τῶν
444 2017 562 2098 πηγῶν
592 2014 626 2080 οῖ
653 2005 863 2099 άνισχουσῶν
892 2013 948 2080 καὶ
979 2011 1034 2081 διά
1059 2012 1172 2102 γάρου

217 2119 372 2202 καθαροῦ
396 2113 501 2202 ῥέων,
527 2110 657 2199 ψυχρός
680 2113 718 2180 τέ
738 2115 805 2180 ἐστι
822 2113 879 2180 καὶ
896 2111 933 2182 τό
952 2111 1047 2201 ὕδωρ
1065 2123 1174 2183 καθα-

183 2229 200 2281 8
217 2213 293 2303 ρός·
317 2219 459 2306 σπασμῷ
471 2241 507 2282 τε
520 2205 584 2282 ούν
598 2219 732 2300 ἔχεσθαι
742 2212 960 2314 Ἀλέξανδρον
967 2215 1023 2282 καὶ
1032 2215 1172 2302 θέρμαις

218 2321 371 2405 ἰσχυραῖς
388 2315 445 2384 καὶ
462 2313 634 2405 άγρυπνίᾳ
647 2315 787 2402 ξυνεχεῖ.
814 2316 870 2382 καὶ
882 2314 962 2396 τούς
974 2315 1037 2403 μέν
1050 2315 1172 2395 ἄλλους
1185 2346 1211 2386 κο

218 2416 350 2504 ἰατρούς
372 2413 436 2486 ούκ
465 2425 597 2486 οῖεσθαι
624 2414 710 2484 εἶναι
733 2412 908 2504 βιώσιμον·
944 2423 1111 2487 Φίλιππον
1134 2415 1173 2487 δὲ

213 2515 418 2605 Ἀκαρνᾶνα,
450 2517 583 2606 ἰατρόν,
608 2516 753 2599 ξυνόντα
775 2515 981 2609 Ἀλεξάνδρῳ
1002 2520 1058 2586 καὶ
1074 2517 1115 2586 τά
1137 2545 1173 2588 τε

217 2613 304 2706 άμφὶ
330 2617 480 2707 ἰατρικὴν
505 2621 538 2699 ές
560 2617 602 2687 τά
625 2618 767 2707 μάλιστα
790 2618 1029 2707 πιστευόμενον
1051 2620 1109 2688 καὶ
1132 2619 1173 2688 τά

217 2716 303 2788 ἄλλα
332 2715 393 2789 ούκ
423 2715 583 2807 άδόκιμον
607 2722 644 2788 ἐν
667 2726 715 2811 τῷ
740 2725 869 2812 στρατῷ
892 2718 991 2808 ὅντα,
1028 2726 1175 2810 καθῆραι

218 2821 346 2890 ἐθέλειν
375 2819 594 2909 Ἀλέξανδρον
622 2817 802 2912 φαρμάκῳ·
850 2821 905 2890 καὶ
933 2822 993 2891 τόν
1022 2823 1173 2892 κελεύειν
1186 2853 1213 2896 ει

183 2926 373 3011 9καθῆραι.
422 2921 481 2991 τόν
504 2921 567 3012 μὲν
591 2921 632 3009 δὴ
657 2921 914 3010 παρασκευάζειν
942 2922 1006 3011 την
1035 2924 1171 2994 κύλικα·

219 3025 256 3092 έν
285 3022 393 3116 τούτῳ
424 3023 462 3093 δδ
482 3021 688 3116 Ἀλεξάνδρῳ
714 3028 857 3109 δοθῆναι
881 3025 1057 3112 ἐπιστολὴν
1081 3024 1172 3114 παρά

218 3131 459 3213 Παρμενίωνος
481 3125 696 3212 φυλάξασθαι
721 3131 904 3196 Φίλιππον·
947 3120 1085 3195 α’κούειν
1108 3125 1183 3215 γάρ.

218 3224 425 3314 διεφθάρθαι
448 3223 515 3294 iud
540 3231 688 3312 Δαρείου
713 3225 877 3314 χρήμασιν
901 3226 985 3296 ὥστε
1008 3227 1173 3322 φαρμάκῳ

217 3324 411 3397 άποκτεῖναι
443 3324 671 3416 Ἀλέξανδρον
722 3327 783 3396 τόν
812 3327 861 3414 δέ,
891 3322 1083 3415 άναγνόντα
1111 3329 1214 3415 τηνεο

219 3427 397 3516 ἐπιστολὴν
426 3429 483 3497 καὶ
513 3433 560 3498 ἔτι
588 3427 669 3517 μετά
700 3443 813 3516 χεῖρας
843 3435 959 3516 ἔχοντα
984 3428 1089 3500 αὐτόν
1112 3430 1174 3518 μὲν

218 3538 334 3616 λαβεῖν
346 3528 408 3617 την
422 3529 545 3606 κύλικα,
555 3532 591 3599 ἐν
604 3522 627 3617 η’
641 3523 682 3615 ἦν
696 3529 733 3597 τό
748 3526 940 3618 φάρμακον·
966 3531 1029 3619 τὴν
1043 3535 1173 3606 ε’πιστο-
