2678 3950
489 241 673 292 ιαιιιιωιε
691 244 719 303 ι,
737 243 763 294 ι.
1039 239 1104 305 209
1214 271 1216 278 .

141 404 175 469 εἰ
199 398 242 481 δή
267 423 327 470 τον
355 395 461 467 ἄλλον
487 392 508 485 ή
533 397 706 488 Ἑκαταίου
735 399 805 468 ἐστὶ
831 398 871 467 τά
890 397 976 487 άμφί
994 402 1036 487 τή
1055 403 1102 487 γή

141 501 185 586 τή
220 504 395 587 Αἰγυπτίᾳ
433 499 598 586 ποιήματα
634 497 749 587 δῶρόν
782 525 819 568 τε
853 504 914 568 τοῦ
950 504 1103 587 ποταμοῦ
1149 489 1154 501 „

142 598 320 689 ἀμφότεροι
354 598 514 679 ῶσαότως
535 598 740 694 Ιὀνομάζουσι
765 601 823 668 καὶ
851 599 913 669 οόκ
937 598 1104 688 ἀμαυροῖς

142 710 330 789 τεκμηρίοις
349 699 399 769 ὅτι
415 702 523 790 ταότή
543 706 608 787 ἔχει
622 700 791 793 Ἡροδότῳ
811 703 1040 786 ἐπιδέδεικται,
1060 699 1104 782 ῶς

116 803 199 871 ικαὶ
224 801 286 889 τήν
312 804 377 889 γῆν
404 801 511 890 αὐτὴν
535 801 641 889 τυχδν
658 807 719 871 τοῦ
739 807 891 890 ποταμοῦ
910 801 995 871 εἰναι
1015 799 1103 871 ἕποι’·
1134 854 1136 866 .

142 930 262 991 νυμον.
306 910 483 990 Αίγυπτος
509 903 576 991 γάρ
602 905 639 972 τό
667 904 810 972 παλαιὸν
836 903 855 973 ό
882 902 1030 993 ποταμὸς
1057 901 1107 972 ὅτι

145 1007 294 1074 ἐκαλεῖτο
326 1002 442 1074 ὅντινα
468 1009 536 1073 νόν
563 1013 691 1075 Νεῖλον
718 1003 906 1091 Αἰγόπτιοί
928 1032 963 1074 τε
989 1006 1045 1074 καὶ
1072 1008 1109 1074 οἰ

145 1107 206 1188 ἐξω
224 1105 404 1192 Αἰγύπτου
431 1104 608 1194 ἅνθρωποι
634 1101 867 1193 ὀνομάζουσιν,
896 1106 1011 1186 ίκανδς
1028 1133 1106 1175 τεκ-

143 1213 306 1296 μηριῶσαι
320 1206 477 1297 Ὅμηρος,
501 1207 610 1294 λέγων
630 1209 686 1276 ἐπὶ
709 1213 751 1296 τῇ
776 1209 897 1295 ἐκβολῇ
918 1213 979 1276 τοῦ
996 1207 1106 1294 Αἰγό-

105 1336 130 1376 ω
145 1334 230 1378 πτου
249 1315 403 1396 ποταμοῦ
416 1309 476 1377 τὸν
490 1309 672 1378 Μενέλεων
690 1313 808 1396 στήσαι
824 1309 883 1388 τὰς
901 1308 988 1389 νέας.
1017 1317 1048 1380 εἰ
1064 1307 1106 1396 δή
1123 1325 1139 1373 ο

144 1401 208 1479 οὖν
235 1404 283 1489 εἷς
308 1437 344 1479 τε
362 1409 509 1497 ποταμὸς
535 1407 616 1499 παρ’
642 1409 791 1490 ἑκάστοις
817 1411 874 1478 καὶ
901 1407 943 1478 οό
969 1407 1107 1497 μεγάλοι

144 1501 237 1579 οὗτοι
255 1510 397 1597 ποταμοὶ
416 1512 526 1579 ίκανοί
546 1515 610 1599 γήν
627 1510 756 1598 πολλήν
774 1513 906 1597 ποιήσαι
924 1511 957 1590 ἐς
974 1511 1106 1580 θάλασ-

145 1633 209 1681 σαν
227 1612 456 1700 προχεόμενοι,
475 1610 576 1680 ὁπότε
596 1613 676 1682 ίλδν
693 1613 913 1700 καταφέροιεν
925 1613 982 1682 καί
998 1610 1106 1698 πηλόν

147 1716 278 1783 ἐκτῶν
305 1711 439 1782 άνωθεν
464 1713 579 1782 τόπων
607 1719 771 1801 ἔνθενπερ
798 1712 914 1793 αὐτοῖς
940 1716 979 1781 αἰ
1001 1719 1110 1802 πηγαί

108 1844 133 1884 ιι
147 1821 245 1903 εἰσιν,
271 1811 354 1883 οὐδὲ
370 1813 459 1902 ὑπὲρ
477 1817 535 1900 τής
550 1811 668 1884 Ἰνδῶν
686 1813 751 1903 ἄρα
768 1814 879 1903 χωρας
898 1816 931 1893 ἐς
948 1811 1107 1883 ἀπιστίαν

148 1917 233 1985 ἰέναι
259 1914 364 2003 ἄξιον,
393 1915 484 1996 ὅπως
510 1918 628 1984 πεδίον
653 1941 689 1984 τε
714 1914 735 2004 ή
762 1915 869 2001 πολλή
895 1917 1045 1984 ἐστικαὶ
1071 1918 1106 1984 ἐκ

146 2019 214 2085 τῶν
253 2019 412 2105 ποταμῶν
449 2018 487 2086 τὸ
531 2021 652 2086 πεδίον
693 2022 759 2104 ἔχει
798 2017 1105 2104 προσκεχωσμένον.

137 2115 262 2206 Ἕρμον
288 2118 350 2205 μὲν
376 2119 441 2205 γάρ
468 2118 525 2186 καὶ
549 2119 730 2208 Κάϋστρον
755 2119 812 2186 καί
831 2117 963 2186 Κάϊκόν
988 2144 1024 2185 τε
1049 2119 1141 2188 καίτ

146 2225 351 2306 Μαίανδρον
376 2215 397 2305 ή
425 2216 496 2288 ὅσοι
528 2217 650 2287 άλλοί
677 2220 820 2305 ποταμοὶ
852 2223 912 2304 τῆς
935 2217 1046 2298 Ἀσίας
1074 2221 1108 2298 ές

108 2317 246 2406 ιοτήνδε
272 2322 333 2407 τὴν
361 2320 456 2399 ἐντὸς
481 2321 659 2389 θάλασσαν
687 2322 878 2390 ἐκδιδοῦσιν
913 2317 995 2387 οὐδὲ
1022 2319 1107 2408 ξόμ·

147 2447 274 2500 παντας
299 2422 521 2501 ξυντεθέντας
549 2423 599 2490 ἑνὶ
619 2425 689 2488 τῶν
702 2419 821 2490 Ἰνδῶν
839 2423 998 2507 ποταμῶν
1016 2417 1108 2499 ἄξιον

147 2525 329 2610 ξυμβαλεῖν
356 2521 509 2608 πλήθους
536 2523 634 2590 ἕνεκα
659 2526 722 2589 τοῦ
748 2520 886 2609 ὕδατος,
911 2522 956 2609 μή
984 2518 1034 2589 ότι
1058 2524 1105 2613 τῷ

152 2624 265 2712 Γάγγῃ
298 2627 344 2714 τῷ
371 2631 532 2714 μεγίστῳ,
565 2620 631 2714 ὅτῳ
664 2619 742 2691 οὔτε
769 2629 897 2692 Νείλου
923 2619 1019 2710 ὕδωρ
1043 2627 1107 2691 τοῦ

106 2789 107 2794 ,
148 2731 343 2811 Αἰγυπτίου
371 2721 449 2792 οὕτε
467 2721 622 2808 όἸστρος
640 2723 724 2792 κατὰ
749 2723 810 2810 τήν
829 2722 1000 2811 Εάράπην
1019 2725 1107 2812 ῥέων

110 2861 136 2900 25
149 2825 233 2907 άξιοι
247 2828 441 2913 ξυμβαλεῖν,
459 2824 532 2893 ἀλλ’
550 2823 632 2893 οὐδὲ
649 2826 697 2916 τῷ
712 2822 807 2916 Ἰνδῷ
826 2829 964 2916 ποταμῷ
984 2827 1109 2894 ἐκεῖνοί
1123 2843 1140 2894 8

148 2955 186 3014 γε
203 2926 328 3006 πάντες
355 2927 593 3013 ξυμμιχθέντες
613 2928 646 3006 ἐς
665 2936 740 2995 ἰσον
758 2932 922 3016 ἔρχονται,
949 2923 988 3006 δς
1004 2927 1108 3014 μέγας

149 3055 184 3097 τε
201 3028 309 3107 εὐθὺς
332 3026 398 3096 άπὸ
425 3031 495 3096 τῶν
512 3032 630 3116 πηγῶν
648 3025 777 3114 ἀνίσχει
794 3029 851 3096 καὶ
870 3032 1107 3097 πεντεκαίδεκα

148 3129 338 3217 ποταμούς,
365 3128 492 3208 πάντας
518 3135 586 3196 τῶν
609 3127 772 3199 Ἀσιανῶν
798 3135 968 3220 μείζονας,
996 3153 1106 3218 παρα-

149 3230 263 3319 λαβῶν
282 3231 339 3299 καί
357 3233 399 3320 τή
420 3235 597 3320 ἐπωνυμίᾳ
614 3230 782 3320 κρατήσας
801 3229 910 3308 οὕτως
930 3231 1058 3298 ἐκδιδοῖ
1073 3231 1106 3310 ἐς

112 3331 336 3412 ωθάλασσαν.
375 3333 481 3400 ταῦτά
507 3359 563 3421 μοι
588 3333 625 3400 ἐν
650 3334 704 3423 τῶ.
723 3329 865 3420 παρόντι
890 3331 967 3419 περὶ
988 3329 1106 3399 Ἰνδῶν

149 3435 207 3519 τής
225 3432 335 3522 χοίρας
353 3433 515 3519 λελέχθω·
556 3431 598 3500 τδι
624 3429 662 3500 δὲ
680 3429 766 3500 ἄλλα
784 3430 977 3502 ἀποκείσθω
996 3432 1029 3512 ἐς
1046 3429 1107 3520 τήν

145 3531 287 3622 Ἰνδικήν
313 3533 522 3622 ξυγγραφήν.

199 3654 332 3694 mum.
872 3647 904 3695 14
