2678 3950
225 227 289 292 240
472 231 474 244 ·
568 225 821 286 ειεεεεεεον

228 387 266 456 δὲ
299 385 407 457 αὐτοῦ
443 387 606 475 μένοντας
641 384 807 474 ζηλωτοὺς
845 399 915 466 τοῖς
950 385 1192 476 ἀπερχομένοις

229 488 366 575 ποιήσω.

175 594 216 660 27
308 593 422 660 Ταῦτα
453 589 510 657 καὶ
542 587 583 657 τά
616 591 755 656 τοιαῦτα
787 586 940 668 εἰπόντος
962 587 1188 677 Ἀλεξάνδρου

227 689 336 760 πολύν
362 690 425 778 μὲν
450 689 575 778 χρόνον
601 689 708 777 σιωπὴ
732 681 776 776 ἦν
802 687 882 758 οὔτε
907 689 1091 776 ἀντιλέγειν
1107 699 1187 760 τολ-

226 792 369 880 μύντων
383 790 467 877 πρὸς
480 791 540 859 τόν
553 791 692 878 βασιλέα
703 793 739 860 ἐκ
752 795 815 858 τού
830 787 950 871 εύθέος
963 789 1041 860 οὔτε
1054 793 1187 879 ξογχω-
1201 819 1217 860 ε
1319 817 1320 824 “

227 909 300 979 ρεῖν
328 891 526 962 ἐθελόντων.
567 894 604 960 ἐν
630 891 668 960 δὲ
685 890 795 982 τούτῳ
822 892 980 971 πολλάκις
1006 891 1069 979 μέν
1092 892 1186 962 Ἀλέ·

227 993 369 1082 ξανδρος
396 995 528 1062 ἐκέλευε
553 985 662 1079 λέγειν
687 992 748 1062 τόν
765 992 986 1080 βουλόμενον,
1013 999 1046 1062 εἰ
1070 994 1113 1080 δή
1137 1021 1186 1074 τις

226 1093 267 1162 τά
287 1097 423 1164 έναντία
440 1110 510 1174 τοῖς
523 1092 587 1163 ἀπ’
607 1091 715 1184 αὐτοῦ
730 1101 878 1180 λεχθεῖσι
895 1093 1064 1180 γινιόσκει·
1093 1101 1187 1182 ἔμενε

228 1195 266 1264 δὲ
283 1197 340 1265 καὶ
359 1192 405 1275 ὃς
424 1197 479 1264 ἐπὶ
497 1191 584 1264 πολύ
603 1193 760 1282 ἡσιωπή·
787 1192 851 1275 ὀψὲ
869 1195 910 1263 δέ
921 1220 1000 1264 ποτε
1011 1195 1186 1286 θαρσήσας

228 1305 351 1377 Κοῖνος
377 1293 395 1366 ό
424 1295 702 1385 Πολεμοκράτους
730 1297 819 1377 ἔλεξε
843 1293 966 1365 τοιάδε.

192 1413 209 1466 2
299 1397 431 1484 Ἐπειδὴ
458 1399 515 1466 καὶ
542 1392 658 1483 αύτδς,
685 1388 712 1464 ά
738 1399 890 1484 βασιλεῦ,
916 1397 956 1466 ού
976 1397 1058 1467 κατά
1078 1399 1182 1488 πρόσ-

225 1527 334 1588 ταγμα
358 1501 484 1578 ἐθέλεις
503 1497 716 1569 Μακεδόνων
741 1499 942 1586 ἐξηγεῖσθαι,
961 1497 1047 1569 ἀλλά
1067 1509 1185 1580 πείσας

226 1601 289 1689 μὲν
307 1599 396 1682 άξειν
414 1599 495 1689 φῄς,
514 1602 663 1678 πεισθεὶς
681 1599 719 1668 δὲ
737 1597 778 1668 ού
801 1601 994 1688 βιάσασθαι,
1020 1595 1083 1688 ούχ
1097 1599 1185 1690 ύπὲρ

226 1701 323 1791 ἡμῶν
347 1707 455 1770 τῶνδε
481 1701 657 1788 ποιήσομαι
685 1697 749 1785 έγοδ
777 1702 857 1780 τούς
891 1701 1034 1787 λόγους,
1069 1710 1106 1774 οἳ
1128 1705 1185 1772 καλ

227 1828 472 1891 προτιμομενοι
496 1804 565 1870 τόν
590 1799 703 1870 ἀλλων
729 1803 786 1870 καλ
811 1802 852 1870 τά
878 1793 967 1872 ἆθλα
984 1807 1053 1872 τῶν
1070 1800 1185 1872 πόνων
1200 1832 1228 1872 ιε

228 1911 264 1972 ολ
293 1905 411 1971 πολλοὶ
437 1901 504 1990 ἤδη
530 1903 758 1992 κεκομισμένοι
788 1903 845 1972 καλ
876 1907 924 1994 τῷ
957 1903 1185 1990 κρατιστεύειν

228 2005 320 2092 παρὰ
346 2002 427 2084 τούς
454 2002 578 2084 ἀλλους
604 2003 782 2094 πρόθυμοί
806 2024 857 2074 σοι
884 2007 918 2084 ές
944 2003 1053 2074 πάντα
1072 2007 1185 2094 ἐσμέν,

194 2103 303 2174 3ἀλλ’
336 2102 425 2194 ὑπὲρ
458 2110 517 2190 τῆς
544 2107 700 2192 στρατιᾶς
724 2106 782 2191 τῆς
809 2110 943 2194 πολλῆς.
991 2105 1073 2176 οὐδὲ
1097 2106 1184 2196 ὑπὲρ

227 2207 352 2294 ταύτης
369 2204 411 2274 τά
428 2204 508 2274 καθ’
529 2202 657 2293 ἡδονὴν
675 2207 813 2286 ἐκείνοις
832 2209 910 2296 ἐρῶ,
928 2205 1003 2277 ἀλλ’
1024 2203 1184 2296 δινομίζοι

228 2306 385 2395 ξύμφορά
411 2307 450 2375 τέ
473 2327 526 2375 σοι
553 2309 586 2386 ἐς
603 2305 644 2376 τά
663 2307 814 2395 παρόντα
831 2309 889 2376 καὶ
908 2312 941 2388 ές
959 2307 1000 2376 τά
1020 2309 1184 2394 μέλλοντα
1197 2341 1223 2381 ιο

227 2409 368 2498 μάλιστα
385 2402 521 2496 ἀσφαλῆ
539 2406 632 2477 εἶναι.
667 2413 794 2488 δίκαιος
811 2410 853 2476 δέ
868 2413 932 2496 εἰμι
951 2407 1032 2478 καθ’
1051 2409 1191 2496 ἡλικίαν.

226 2538 262 2580 τε
293 2509 338 2598 μὴ
373 2508 649 2598 ἀποκρύπτεσθαι
679 2507 719 2577 τά
751 2514 919 2578 δοκοῦντα
949 2512 1102 2598 βέλτιστα
1127 2513 1184 2581 καὶ
1262 2539 1266 2548 ·

225 2612 310 2680 κατὰ
342 2610 404 2698 τὴν
431 2613 467 2680 ἐκ
494 2616 557 2680 σού
589 2638 644 2698 μοι
669 2602 777 2680 οὖσαν
804 2612 862 2680 καλ
897 2613 930 2691 ές
955 2610 1036 2691 τούς
1062 2609 1184 2694 ἀλλους

227 2711 363 2792 ἀξίωσιν
376 2713 433 2780 καλ
446 2710 530 2780 κατά
542 2711 606 2798 την
624 2714 660 2780 έν
677 2727 749 2792 τοῖς
767 2712 882 2792 πόνοις
895 2739 930 2780 τε
943 2713 1000 2781 καὶ
1012 2712 1184 2794 κινδύνοις

192 2835 210 2882 4
230 2815 262 2892 ές
281 2809 357 2881 τόδε
374 2808 626 2899 ἀπροφάσιστον
643 2812 779 2900 τόλμαν.
811 2811 881 2904 ὅσῳ
894 2813 959 2902 γάρ
977 2840 1027 2882 τοι
1044 2823 1184 2884 πλεῖστα
1196 2843 1221 2885 ιο

226 2913 283 2982 καλ
308 2913 444 3000 μέγιστα
471 2921 528 2982 σοί
550 2939 586 2980 τε
616 2906 795 3006 ἡγουμένῳ
827 2917 1097 3003 καταπέπρακται
1128 2917 1184 2984 καὶ

226 3030 298 3094 τοῖς
332 3013 401 3101 ἅμα
427 3015 481 3082 σοὶ
507 3023 644 3084 οἴκοθεν
675 3012 868 3104 ὁρμηθεῖσι,
898 3021 1025 3108 τοσῷδε
1054 3017 1184 3104 μᾶλλόν

227 3142 258 3184 τι
275 3111 451 3204 ξύμφορόν
469 3141 524 3202 μοι
541 3119 635 3184 δοκεῖ
646 3117 750 3203 πέρας
762 3141 793 3184 τι
807 3119 972 3186 ἐπιθεῖναι
985 3131 1054 3196 τοῖς
1068 3115 1184 3199 πόνοις

225 3218 344 3286 τεκαὶ
371 3215 551 3296 κινδύνοις.
605 3213 709 3296 αύτός
735 3215 801 3306 γάρ
826 3243 875 3286 τοι
906 3215 990 3308 ὁρᾷς
1025 3216 1097 3288 ὅσοι
1121 3219 1184 3308 μὲν

226 3317 437 3389 Μακεδόνων
462 3343 499 3386 τε
523 3318 581 3386 καὶ
604 3316 771 3406 Ἑλλήνων
797 3315 864 3405 άμα
888 3321 942 3388 σοὶ
969 3317 1221 3409 ολρμήθημεν,εο

192 3420 299 3489 σόσοι
331 3417 371 3489 δέ
402 3417 688 3507 ἀπολελείμμεθα·
736 3410 782 3488 ὧν
810 3419 997 3500 Θετταλούς
1029 3420 1091 3508 μὲν
1117 3419 1184 3490 ἀπὸ

225 3521 387 3606 Βάκτρων
413 3514 534 3608 εύθύς,
566 3517 607 3589 ού
628 3520 826 3612 προθύμους
845 3527 892 3590 ἔτι
910 3524 942 3602 ἐς
959 3521 1040 3602 τούς
1058 3521 1185 3606 πόνους
