2664 3946
499 203 683 256 ευΑΒΑΣῙΣ
700 207 726 270 ε,
743 204 768 257 α
1050 199 1112 266 103

156 343 303 434 κόρακας
322 348 385 418 δύο
398 344 668 432 προπετομένους
686 341 752 431 πρδ
769 345 828 430 τῆς
846 347 1014 434 στρατιᾶς,
1030 341 1114 413 τοό·

154 471 236 525 τους
260 447 419 532 γενέσθαι
433 443 641 537 Ἀλεξάνδρῳ
665 444 747 526 τούς
770 444 947 534 ἡγεμόνας.
988 446 1045 513 καὶ
1064 441 1115 513 δτι

155 545 218 632 μέν
241 545 341 616 θετόν
362 572 394 614 τι
416 547 642 633 ξυνεπέλαβεν
659 545 752 638 αὐτῷ
779 554 843 634 ἔχω
861 554 1114 635 ίσχνρίσασθαι,

157 645 207 715 ὅτι
219 649 277 716 καὶ
290 648 328 716 τδ
343 649 434 727 είκδς
446 648 553 736 ταότη
570 653 649 735 ἔχει·
675 648 713 716 τὸ
733 647 771 717 δὲ
784 647 918 733 ἀτρεκὲς
931 650 992 717 τοῦ
1007 647 1113 734 λόγου

128 772 143 813 ⁶
156 747 338 836 ἀφείλοντο
347 747 474 836 οίάλλη
484 750 542 817 καὶ
552 746 638 838 ἀλλη
648 747 737 837 δπὲρ
746 747 853 818 αὐτοῦ
866 747 1112 838 ἐξηγησάμενοι.
1230 803 1235 810 -

230 850 266 919 Ὁ
284 849 322 919 δὲ
338 855 447 939 χῶρος
466 854 587 937 ἵναπερ
604 853 666 919 τοῦ
681 849 859 938 ’Ἄμμωνος
876 849 915 919 τδ
935 851 1025 941 ίερόν
1045 853 1143 925 ἑστι4

154 949 196 1019 τά
214 951 277 1039 μέν
294 951 411 1043 κύκλῳ
425 951 535 1019 τιάντα
551 959 654 1039 ἑρημα
671 953 728 1020 καὶ
747 952 885 1040 ψάμμον
901 952 940 1020 τὸ
959 956 1027 1019 πᾶν
1048 958 1114 1038 ἔχει

156 1053 213 1120 καὶ
236 1050 393 1141 ἀνυδρος.
435 1051 538 1132 αὐτὸς
562 1052 600 1122 δλ
626 1056 663 1122 έν
687 1055 778 1146 μέσῳ
802 1052 918 1140 ὀλίγος
943 1049 991 1121 ἀν
1015 1049 1112 1141 (ὅσον

155 1152 222 1241 γάρ
245 1161 405 1223 πλεῖστον
427 1152 534 1222 αὐτοῦ
561 1157 595 1234 ές
619 1154 744 1234 τιλάτος
767 1157 866 1242 διέχει
890 1159 924 1234 ές
947 1154 1113 1243 τεσσαρά-

119 1279 260 1324 τοκοντα
284 1255 427 1342 μάλιστα
451 1259 610 1335 σταδίους
638 1254 780 1346 ἔρχεται)
803 1255 998 1335 κατάπλειές
1024 1258 1113 1324 ἐστιν

155 1355 290 1444 ἡμέραν
303 1358 468 1445 δένδρων,
483 1360 604 1427 ἐλαιῶν
617 1359 674 1424 καὶ
688 1364 863 1444 φοινίκων,
880 1358 937 1426 καὶ
954 1362 1113 1444 ἔνδροσος

132 1526 134 1532 ,
156 1457 259 1544 μόνος
276 1460 346 1526 τῶν
363 1457 465 1546 πέριξ.
500 1460 558 1526 καὶ
576 1457 665 1546 πηγὴ
684 1459 716 1538 ἐξ
735 1457 842 1527 αὐτοῦ
861 1456 990 1544 ἀνίσχει
1009 1455 1111 1526 οὐδέν
1129 1474 1148 1524 2

156 1585 188 1626 τι
206 1561 335 1628 ἐοικυῖα
347 1575 421 1638 ταῖς
435 1573 559 1647 πηγαῖς
576 1556 651 1628 όσαι
664 1557 762 1627 ἀλλαι
776 1561 812 1628 ἑκ
826 1561 887 1646 γῆς
904 1557 1112 1645 ἀνίσχουσιν.

159 1662 197 1728 ἐν
213 1659 276 1746 μὲν
293 1659 360 1748 γὰρ
383 1667 572 1749 μεσημβρίᾳ
597 1659 731 1746 ψυχρδν
748 1660 786 1728 τό
803 1657 898 1748 ὕδωρ
915 1658 1114 1751 γευσαμένῳ

119 1787 145 1828 ιι
158 1761 263 1829 τεκαὶ
280 1767 327 1830 ἑτι
343 1764 472 1849 μᾶλλον
485 1759 649 1852 ἁψαμένῳ
662 1757 737 1830 οἷον
750 1761 979 1850 ψυχρότατον·
999 1764 1113 1846 έγκλί·

157 1887 280 1940 ναντος
293 1860 331 1931 δὲ
343 1865 405 1931 τοῦ
418 1860 517 1950 ἡλίου
533 1865 567 1941 ές
583 1861 726 1951 ἑσπέραν
738 1863 956 1952 θερμότερον,
974 1864 1031 1931 καὶ
1045 1861 1112 1930 ἀπὸ

157 1964 215 2050 τῆς
235 1962 377 2052 ἑσπέρας
402 1970 450 2033 ἑτι
464 1963 671 2054 θερμότερον
689 1969 761 2033 ἔστε
780 1966 835 2034 ἐπὶ
852 1963 957 2052 μέσας
973 1963 1114 2050 νόκτας,

157 2064 270 2151 μέσων
283 2063 321 2133 δὲ
332 2067 468 2134 νυκτῶν
482 2066 604 2134 ἑαυτοῦ
618 2064 843 2154 θερμότατον·
869 2065 937 2134 ἀπδ
951 2065 989 2134 δὲ
1001 2065 1114 2153 μέσων

157 2167 293 2235 νυκτῶν
317 2166 460 2252 ψύχεται
485 2169 522 2235 έν
544 2166 651 2251 τάξει,
680 2167 737 2234 καὶ
764 2168 871 2236 ἕωθεν
893 2166 1027 2256 ψυχρόν
1050 2164 1114 2254 ἤδη

120 2292 147 2333 ιο
162 2270 245 2354 έστί,
262 2267 477 2355 ψυχρότατον
494 2267 532 2336 δὲ
545 2274 766 2355 μεσημβρίας·
792 2269 849 2336 καὶ
866 2271 968 2336 τοῦτο
985 2267 1115 2355 ἀμείβει

161 2371 198 2436 ἐν
220 2367 310 2450 τάξει
334 2370 389 2438 ἐπὶ
410 2367 532 2457 ἑκάστη
556 2366 674 2458 ἡμέρᾳ.
710 2375 885 2454 γίγνονται
907 2367 945 2438 δὲ
962 2371 1020 2438 καλ
1037 2367 1149 2448 ἀλεςε

160 2467 344 2556 αὐτόματοι
358 2471 455 2560 ἐντῷ
474 2475 586 2561 χορίῳ
603 2469 714 2561 τούτῳ
728 2467 882 2557 ὀρυκτοί·
908 2471 965 2538 καὶ
982 2469 1114 2539 τούτων

162 2577 251 2640 ἑστιν
264 2565 325 2650 οὓς
339 2574 373 2651 ές
386 2579 565 2656 Αίγυιττον
582 2569 726 2658 φέρουσι
738 2572 808 2638 τῶν
823 2570 939 2660 ίερέων
952 2571 1039 2652 τινὲς
1052 2573 1114 2640 τοῦ

150 2670 336 2760 Ἄμμωνος.
380 2671 491 2760 ἐπειδὴ
515 2671 580 2759 γὰρ
607 2669 654 2741 ἐπ’
673 2671 852 2758 Αίγόπτου
871 2673 1063 2742 στέλλονται
1080 2672 1115 2750 ἐς

121 2795 147 2837 ιτ
160 2778 309 2852 κοιτίδας
331 2773 474 2852 πλεκτὰς
499 2775 536 2844 ἐκ
553 2780 705 2861 φοίνικος
724 2773 921 2862 ἐσβαλόντες
938 2779 1050 2863 δῶρον
1066 2775 1114 2863 τῷ

160 2881 292 2963 βασιλεῖ
306 2873 537 2963 ἀποφέρουσιν
553 2869 574 2961 ἢ
591 2886 626 2944 εί
638 2901 685 2966 τῳ
703 2872 804 2966 ἀλλῳ.
848 2881 916 2945 ἑστι
933 2875 971 2945 δὲ·
988 2873 1115 2964 μακρός
1132 2886 1151 2938 4

160 3001 197 3044 τε
219 2974 237 3042 ὀ
262 2974 403 3064 χόνδρος
427 2976 485 3045 καλ
509 2973 572 3063 ἤδη
595 2975 683 3056 τινές
706 2975 822 3046 αὐτῶν
845 2979 903 3046 καλ
920 2975 1008 3064 ὑπὲρ
1025 2990 1115 3066 τρεῖς

162 3076 369 3164 δακτύλους,
398 3078 456 3145 καὶ
481 3077 632 3165 καθαρὸς
664 3075 776 3166 ὥσπερ
799 3077 1023 3168 κρύσταλλος·
1057 3076 1115 3146 καί

161 3177 273 3270 τούτῳ
297 3179 353 3248 έπλ
376 3194 451 3258 ταῖς
474 3186 613 3258 θυσίαις
630 3181 793 3268 χρῶνται,
819 3178 866 3260 τδς
889 3179 1116 3271 καθαρωτέρῳ

123 3282 231 3346 ιοτῶν
267 3277 332 3346 ἀπὸ
363 3279 538 3368 θαλάσσης
561 3278 671 3365 ἀλῶν,
698 3278 886 3366 Αίγόπτιοί
906 3282 1022 3350 τεκαὶ
1045 3277 1117 3350 ὅσοι

162 3375 257 3448 ἀλλοι
272 3381 334 3450 τοῦ
353 3388 451 3450 θείου
471 3380 535 3450 οάιι
548 3379 679 3469 ἀμελῶς
694 3387 836 3469 ἔχουσιν.
857 3384 1006 3452 ἐνταῦθα
1021 3380 1115 3452 Ἀλέ-
1132 3391 1151 3443 ⁵

164 3481 304 3570 ξανδρος
310 3480 371 3550 τόν
379 3508 415 3551 τε
423 3486 536 3570 χῶρον
548 3482 720 3570 ἐθαύμασε
729 3485 786 3552 καὶ
795 3485 842 3575 τῷ
856 3488 927 3575 θεῷ
939 3481 1116 3572 ἐχρήσατο·
