2650 3948
214 236 257 304 32
568 232 821 296 εετωεαιοον

213 379 403 470 ληψόμενον
416 385 640 468 Παρμενίωνα
654 379 827 467 ἐκπέμπει·
844 380 901 448 καλ
915 379 1175 471 παραλαμβάνει

216 481 411 556 Δασκύλιον
428 488 632 570 Παρμενίων
650 479 855 550 ἐκλιπόντων
872 487 941 551 τῶν
957 488 1132 571 φρουρῶν.

182 596 199 644 ³
292 580 406 664 Αύτδς
424 582 463 653 δὲ
480 583 535 651 ἐπὶ
550 580 712 671 Σάρδεων
725 579 931 671 προύχύρει·
950 585 1008 652 καὶ
1025 580 1174 672 ἀπέχον-

215 713 271 766 τος
284 682 390 754 αύτοῦ
404 682 486 754 ὅσον
500 682 725 771 ἑβδομήκοντα
738 690 897 764 σταδίους
911 684 1075 772 Σάρδεων
1092 676 1175 774 ἧκον

217 782 298 875 παρ’
318 781 423 855 αύτόν
441 795 613 872 Μιθρίνης
630 811 665 854 τε
683 777 701 854 ό
716 785 928 874 φρούραρχος
945 791 1006 874 τῆς
1024 783 1200 876 άκροπό-ε
1305 837 1306 844 1

216 897 300 968 λεως
316 891 375 974 τῆς
389 888 426 955 ἐν
440 885 590 973 Σάρδεσι
602 886 658 954 καλ
672 891 875 976 Σαρδιανῶν
889 891 925 956 οί
936 887 1174 976 δυνατώτατοι,

218 986 404 1068 ἐνδιδόντες
428 992 463 1054 oc
483 987 546 1075 μὲν
569 984 633 1074 τὴν
658 987 774 1074 πόλιν,
804 985 823 1056 ό
849 986 888 1058 δέ
916 995 1089 1077 Μνθρίνης
1113 988 1175 1077 τὴν
1306 1057 1307 1070 ,

182 1089 325 1178 λάκραν
348 1089 404 1157 καὶ
427 1084 469 1157 τά
495 1087 653 1178 χρήματα.
685 1086 899 1178 Ἀλέξανδρος
925 1087 964 1158 δλ
988 1088 1088 1172 αύτὸς
1112 1091 1175 1179 μδν

216 1196 581 1280 κατεστρατοπέδευσεν
605 1191 660 1259 ἐπὶ
682 1196 730 1283 τῷ
745 1190 856 1283 Ἕρμφ
874 1197 1028 1284 ποταμῷ·
1060 1190 1175 1280 άπέχει
1307 1267 1308 1276 2

216 1292 256 1362 δὲ
281 1290 438 1382 όἝρμος
462 1290 528 1362 άπὸ
555 1291 718 1382 Σάρδεων
742 1297 899 1373 σταδίους
923 1287 1005 1362 ὅσον
1029 1303 1172 1363 είκοσιν·
1187 1318 1212 1360 ιο

212 1389 380 1482 Ἀμύνταν
398 1392 436 1462 δὲ
458 1391 518 1462 τόν
538 1390 780 1482 Ἀνδρομένους
803 1391 866 1480 την
889 1390 997 1484 άκραυ
1021 1403 1174 1484 παραλη-
1308 1449 1309 1476 2

217 1495 366 1584 ψόμενον
384 1495 592 1583 ἐκπίμπειές
608 1493 770 1582 Σάρδεις·
788 1495 844 1562 καὶ
863 1502 1040 1584 Μιδρίνηυ
1056 1494 1119 1584 μὲν
1137 1499 1175 1565 ἐν

215 1602 294 1686 τιμῇ
318 1595 387 1685 ἅμα
410 1590 444 1664 ολ
465 1587 543 1682 ἦγε,
566 1593 780 1684 Σαρδιαυούς
803 1595 842 1665 δὲ
864 1595 920 1664 καὶ
943 1593 1023 1677 τούς
1049 1595 1174 1678 ἄλλους

216 1696 356 1777 Λυδούς
380 1711 451 1776 τοῖς
473 1695 587 1785 νόμοις
608 1723 644 1766 τε
666 1711 735 1778 τοις
759 1696 861 1766 πάλαι
878 1702 1005 1768 Λυδῶν
1029 1703 1176 1789 χρῆσθαι
1309 1681 1310 1706 ³

183 1807 201 1858 5
218 1804 320 1868 ἔδωκε
338 1798 395 1867 καλ
413 1798 615 1886 ἐλευθέρους
633 1795 719 1868 εἶναι
742 1796 881 1887 άφῆκεν.
917 1793 1045 1886 άνῆλδε
1062 1799 1101 1868 δὲ
1117 1799 1174 1868 καλ
1187 1823 1212 1866 υ
1310 1875 1311 1882 ¹

217 1897 321 1980 αύτός
339 1905 387 1980 είς
404 1898 465 1987 τὴν
483 1898 602 1989 άκραν,
621 1904 679 1968 ἵνα
694 1899 732 1970 τό
755 1899 919 1989 φρούριον
936 1891 979 1988 ἦν
995 1906 1064 1969 τῶν
1082 1909 1174 1990 Περ-

217 2007 304 2072 σύν·
339 2001 396 2069 καλ
420 2003 536 2084 ἔδοξεν
559 1998 652 2094 αύτῷ
679 1998 805 2089 ὀχυρόν
821 2000 859 2070 τό
876 2008 1018 2090 χωρίον·
1043 1999 1174 2092 ύπερύ·

217 2101 328 2191 φηλόν
351 2129 388 2172 τε
410 2101 475 2192 γάρ
499 2094 544 2190 ἦν
568 2103 625 2172 καὶ
650 2097 820 2189 άπότομον
843 2103 951 2190 πάντη
974 2103 1032 2172 καὶ
1048 2107 1174 2198 τριπλῷ

216 2211 316 2292 τείχει
332 2205 583 2294 πεφραγμένον·
609 2201 712 2284 αύτός
735 2203 775 2272 δὲ
799 2204 855 2272 ἐπὶ
871 2209 914 2294 τῇ
933 2202 1020 2296 άκρρι
1037 2205 1122 2274 ναόν
1138 2231 1176 2275 τε

218 2309 436 2394 οἰκοδομῆσαι
473 2303 556 2385 Διός
589 2301 774 2393 Ὀλυμπίου
812 2305 940 2374 ἐπενόει
972 2307 1029 2374 καλ
1059 2305 1175 2394 βωμόν
1189 2333 1217 2376 το

184 2405 432 2495 6ἱδρύσασθαι.
469 2411 651 2476 σκοποῦντι
681 2405 719 2475 δὲ
749 2402 842 2499 αύτῷ
871 2412 930 2494 τῆς
961 2404 1065 2497 ἄκρας
1090 2406 1175 2497 ὅπερ

218 2507 481 2595 ἐπιτηδειότατον
504 2514 628 2598 χωρίον
654 2505 725 2598 ὥρᾳ
749 2512 844 2587 ἐτους
871 2510 1028 2596 ἐξαίφνης
1053 2506 1177 2598 χειμύν

219 2611 422 2695 ἐπιγίγνεται
435 2609 491 2678 καὶ
503 2609 642 2696 βρονταὶ
652 2609 856 2697 σκληραλκαλ
868 2608 963 2698 ύδωρ
978 2612 1010 2692 ἐξ
1023 2607 1176 2698 ούρανού

218 2717 331 2778 πίπτει
354 2701 397 2778 ού
421 2709 461 2778 τά
486 2715 555 2778 τῶν
578 2714 706 2780 Λυδῶν
728 2714 899 2797 βασίλεια·
930 2711 988 2779 καλ
1014 2713 1176 2780 ε’ντεύθεν

215 2809 422 2903 Ἀλεξάνδρῳ
454 2813 566 2892 ἔδοξεν
597 2813 633 2879 ἐκ
668 2815 753 2882 θεοῦ
783 2816 996 2899 σημανθῆναι
1025 2817 1082 2882 ἵνα
1111 2811 1215 2903 χρῆιι

219 2916 472 3000 οἰκοδομεῖσθαι
488 2917 534 3004 τῷ
548 2911 610 2982 Διὶ
626 2910 686 2981 τόν
698 2911 797 2998 νεύν,
815 2913 871 2981 καὶ
889 2911 995 2993 οὕτως
1012 2914 1175 2985 ἐκέλευσε.

185 3021 202 3074 λ
220 3014 372 3082 κατέλιπε
389 3012 427 3081 δὲ
443 3017 501 3100 τῆς
518 3012 580 3100 μὲν
597 3008 701 3102 άκρας
718 3019 777 3101 τῆς
796 3013 959 3101 Σάρδεων
977 3014 1177 3103 ἐπιμελητὴν

220 3119 422 3185 Παυσανίαν
438 3119 507 3183 τῶν
526 3115 678 3202 ἑταίρων,
695 3119 765 3183 τῶν
782 3114 821 3184 δὲ
838 3114 956 3204 φόρων
972 3121 1031 3203 τῆς
1049 3115 1175 3185 συντά-

220 3215 300 3299 ξεύς
329 3241 366 3285 τε
395 3216 451 3285 καὶ
482 3209 657 3304 άποφορᾶς
683 3223 826 3303 Νικίαν,
845 3214 1033 3304 ’Ἄσανδρον
1057 3217 1095 3286 δὲ
1116 3219 1177 3286 τόν

221 3315 353 3388 Φιλύτα
383 3321 512 3396 Λυδίας
547 3317 605 3385 καὶ
633 3323 691 3404 τῆς
721 3313 824 3404 άλλης
853 3321 911 3404 τῆς
941 3317 1175 3406 Σπιθριδάτου
1189 3345 1216 3386 ιο

220 3417 343 3510 ἀρχῆς,
362 3417 445 3498 δούς
463 3416 554 3510 αύτῷ
573 3420 694 3499 ίππέας
710 3445 746 3488 τε
762 3419 820 3486 καὶ
837 3414 958 3499 ψιλούς
976 3418 1048 3488 ὅσοι
1066 3421 1177 3488 ίκαυολ

186 3528 204 3580 ⁸
221 3520 305 3613 πρός
316 3517 357 3590 τά
372 3519 523 3611 παρόντα
537 3519 688 3590 ἐδόκουν.
715 3518 833 3589 Κάλαν
842 3521 880 3588 δὲ
892 3520 950 3589 καλ
959 3516 1178 3613 Ἀλέξανδρον
