2664 3946
214 231 278 298 120
566 231 818 290 εεεωεεωεον

212 382 311 464 μίων.
349 375 407 444 καὶ
432 377 468 444 ἐν
492 373 603 466 τούτῳ
628 379 664 443 οί
685 376 851 445 Θεσσαλοὶ
872 379 984 457 ἱππεῖς
1008 381 1170 466 λαμπράς

213 475 456 565 ἀγωνισάμενοι
462 474 524 563 οάχ
533 474 756 546 ἀπελείποντο
762 476 969 569 Ἀλεξάνδρῳ
978 482 1039 547 τοῦ
1052 485 1168 568 ἔργον·

213 577 299 647 ἀλλά
317 579 382 665 γάρ
402 583 548 665 ἔφευγον
561 575 633 664 ήδη
644 583 681 646 ολ
692 577 758 646 ἀπό
773 581 834 647 τοῦ
849 579 959 660 δεξιοῦ
978 579 1083 668 κὲρως
1101 584 1169 649 τών

212 680 408 770 βαρβάρων,
422 677 744 768 όπότεἈλέξανδρος
755 679 873 759 αὐτοῖς
883 679 1070 768 συνέμιξεν,
1086 679 1169 752 ὥστε

213 779 488 870 ἀποτραπόμενος
498 780 717 869 Ἀλέξανδρος
733 784 766 860 ἐς
778 779 817 849 τό
832 781 963 850 διώκειν
976 773 1079 862 αὖθις
1093 795 1196 853 Aac-r·

177 896 195 945 4
213 899 305 970 ρεῖον
331 881 511 972 ἐξώρμησε·
546 883 604 950 καὶ
624 883 759 964 ἐδίωξεν
779 889 851 952 ἔστε
869 883 956 971 φάος
973 875 1032 972 ήν
1059 887 1171 954 καλοί

212 983 300 1072 ἀμφὶ
316 992 542 1074 Παρμενίωνα
555 981 592 1051 τό
608 981 677 1050 κατ’
692 981 820 1064 αὐτούς
834 984 1011 1065 διώκοντες
1022 989 1166 1055 εἵποντο.

211 1084 298 1154 ἀλλά
317 1083 531 1172 Ἀλέξανδρος
548 1083 611 1172 μέν
629 1085 747 1173 διαβάς
763 1085 824 1154 τόν
844 1084 995 1174 ποταμόν
1012 1084 1074 1155 τόν
1092 1087 1168 1157 Λό-

210 1213 272 1256 κον
289 1186 653 1276 κατεστρατοπέδευσεν
671 1185 792 1274 αάτοῦ,
815 1185 861 1266 ώς
879 1185 1074 1256 ἀναπαῦσαι
1092 1187 1167 1258 ὀλί-

210 1315 273 1374 γον
297 1288 378 1368 τοός
400 1315 436 1358 τε
453 1286 580 1377 ἀνδρας
604 1288 662 1355 καὶ
687 1287 768 1367 τούς
787 1293 928 1367 ἵππους·
962 1299 1205 1378 Παρμενίωνα

211 1389 249 1458 δέ
272 1389 313 1457 τό
333 1416 369 1459 τε
392 1389 619 1477 στρατόπεδον
643 1391 713 1456 τών
739 1390 921 1478 βαρβάρων
948 1385 1016 1460 εἷλε
1041 1393 1098 1458 καὶ
1125 1393 1166 1460 τά

211 1491 403 1578 σκευοφόρα
420 1492 478 1559 καλ
495 1489 577 1570 τούς
596 1489 781 1576 ἐλέφαντας
798 1492 855 1559 καὶ
872 1491 932 1570 τάς
950 1493 1130 1580 καμήλους.

176 1604 193 1655 5
281 1591 499 1680 Ἀλέξανδρος
517 1591 555 1660 δέ
568 1589 768 1672 ἀναπαύσας
781 1592 862 1672 τούς
880 1591 959 1680 ἀμφ’
980 1592 1088 1662 αὐτόν
1108 1599 1166 1663 ίπ-

210 1693 293 1774 πέας
320 1701 392 1763 ἐστε
418 1695 473 1762 ἐπὶ
490 1692 594 1780 μέσας
611 1693 737 1774 νύκτας
755 1692 945 1784 προύχώρει
963 1685 1064 1774 αὖθις
1082 1694 1165 1764 κατά

210 1794 364 1882 σπουδήν
383 1792 432 1863 ἐπ’
446 1792 616 1885 Ἄρβηλα,
640 1792 685 1874 ώς
704 1795 854 1884 Δαρεῖόν
876 1822 912 1864 τε
929 1796 1080 1885 αἱρήσων
1099 1801 1169 1868 ἐκεῖ
1179 1817 1205 1859 1⁵

208 1899 266 1965 καὶ
288 1894 330 1964 τά
347 1896 498 1984 χρήματα
515 1898 572 1964 καὶ
595 1894 657 1984 τήν
674 1893 780 1985 ἀλλην
797 1897 1006 1986 κατασκευήν
1022 1898 1084 1986 τήν
1101 1906 1166 1986 βα-

209 1997 347 2086 σιλικήν.
365 2000 423 2067 καὶ
436 1995 576 2085 ἀφίκετο
589 1995 796 2086 εἰς”Αρβηλα
805 2002 846 2087 τῇ
855 1996 1031 2090 δστεραίηι,
1045 2000 1166 2080 διώξας

207 2098 289 2179 τούς
306 2098 435 2178 πάντας
454 2101 490 2168 ἐκ
507 2101 565 2186 τής
583 2099 689 2186 μάχης
707 2105 866 2179 σταδίους
879 2099 1021 2186 μάλιστα
1041 2103 1073 2181 ἐς
1089 2101 1165 2180 ἑξα-

208 2209 356 2280 κοσίους.
386 2202 444 2269 καὶ
463 2211 611 2290 Δαρεῖον
628 2199 692 2288 μὲν
710 2198 751 2268 οό
770 2202 1017 2289 καταλαμβάνει
1035 2205 1072 2271 ἐν
1086 2201 1165 2289 Ἀρ-

207 2303 334 2391 βήλοις,
352 2301 422 2370 ἀλλ’
443 2294 586 2388 ἔφευγεν
599 2300 702 2371 οὐδέν
718 2329 750 2370 τι
769 2301 923 2383 ἐλινύσας
936 2315 1097 2394 Δαρεῖος·
1122 2304 1162 2372 τά
1178 2324 1204 2364 20

207 2404 359 2494 χρήματα
390 2402 429 2472 δὲ
460 2402 691 2491 ἐγκατελήφθη
716 2405 773 2472 καὶ
799 2403 820 2493 ή
847 2404 1034 2494 κατασκευή
1061 2408 1165 2492 πάσα,

207 2507 264 2574 καὶ
287 2504 325 2573 τδ
349 2501 438 2592 ἀρμα
461 2503 499 2572 τό
517 2513 668 2593 Δαρείου
693 2495 795 2584 αὖθις
820 2507 1051 2594 ἐγκατελήφθη
1069 2506 1164 2594 καλή

208 2606 309 2685 ἀσπίς
327 2597 428 2684 αὖθις
445 2607 502 2674 καὶ
520 2606 560 2673 τά
578 2605 659 2687 τόξα
678 2605 774 2676 ἑάλω.

174 2717 190 2767 6
281 2705 470 2776 Ἀπέθανον
488 2705 526 2774 δὲ
543 2710 612 2775 τών
629 2706 709 2794 ἀμφ’
725 2706 946 2798 Ἀλέξανδρον
964 2707 1083 2796 ἀνδρες
1100 2707 1164 2796 μέν

208 2811 243 2888 ές
263 2806 382 2876 ἑκατόν
404 2807 564 2895 μάλιστα,
589 2813 685 2877 ἵπποι
708 2807 746 2878 δέ
770 2816 807 2878 ἐκ
823 2836 858 2878 τε
875 2812 943 2877 τών
961 2809 1163 2899 τραυμάτων
1177 2831 1202 2872 ετ

207 2910 265 2976 καὶ
282 2911 340 2995 τής
353 2915 581 2988 κακοπαθείας
598 2912 657 2996 τής
673 2912 710 2978 ἐν
727 2914 768 2998 τῇ
783 2909 892 2990 διώξει
908 2909 995 2998 ὑπὲρ
1013 2911 1093 2991 τοδς
1111 2938 1164 2997 χι-

208 3017 322 3096 λίους,
341 3012 398 3078 καλ
416 3008 548 3078 τούτων
564 3013 622 3096 τής
638 3011 799 3099 έταιρικής
818 3015 924 3080 ἵππου
944 3012 1065 3098 σχεδόν
1083 3038 1114 3080 τι
1132 3016 1168 3082 οί

206 3111 348 3200 ἡμίσεες.
375 3109 643 3200 τῶνβαρβάρων
667 3110 705 3180 δὲ
722 3117 834 3198 νεκροὶ
859 3112 920 3196 μὲν
955 3113 1111 3199 ἐλέγοντο
1131 3116 1165 3192 ἐς

206 3213 386 3303 τριάκοντα
398 3212 577 3303 μυριάδας,
598 3212 750 3282 ἑάλωσαν
765 3212 802 3282 δὲ
821 3215 908 3282 πολὺ
927 3221 1079 3294 πλείονες
1096 3218 1164 3300 τών

207 3312 454 3384 ἀποθανόντων
477 3316 534 3384 καὶ
564 3319 601 3384 οί
623 3313 801 3402 ἐλέφαντες
827 3316 885 3383 καὶ
911 3317 980 3383 τών
1004 3315 1164 3404 ἀρμάτων
1178 3341 1202 3382 ω

207 3413 270 3486 ὅσα
287 3417 333 3504 μή
350 3415 515 3503 κατεκόπη
536 3419 572 3485 ἐν
589 3421 631 3504 τή
650 3417 750 3505 μάχη.

172 3535 190 3582 τ
290 3520 397 3588 Τοῦτο
414 3518 452 3586 τό
470 3517 564 3597 τέλος
581 3521 623 3604 τή
642 3518 730 3607 μάχη
749 3516 856 3606 ταότχ
877 3516 1008 3603 ἐγένετο
1028 3519 1083 3586 ἐπὶ
1101 3515 1164 3604 ἀρ-
