2678 3950
229 229 293 294 242
580 224 832 287 ΑΔΕΞΔΝΔΡΟΤ

232 389 350 458 ἐλπίδα
369 390 405 456 ἐν
424 391 557 478 σπουδή
577 395 681 458 ἔσται·
714 384 775 468 ούς
792 389 849 456 καί
866 385 972 477 ταύτη
991 392 1038 456 έτι
1055 398 1192 477 προθυ-

230 489 371 578 μότερον
388 486 632 576 ἀκολουθήσειν
651 509 702 558 σοι
719 488 820 576 είκός,
838 488 989 580 ὁρῶντας
1005 488 1086 570 τούς
1104 489 1192 578 πρό-

230 617 327 680 τερον
353 588 631 678 ξυμπονήσαντάς
655 590 763 660 τεκαὶ
787 589 1136 676 ξυγκινδυνεύσαντας
1154 593 1190 671 ές

229 691 270 760 τά
289 692 431 780 σφέτερα
447 689 517 779 ήθη
536 688 839 778 ἐπανεληλυθότας,
857 697 1042 772 πλουσίους
1059 719 1095 762 τε
1112 687 1190 760 ἀντὶ

196 815 212 864 9
230 791 383 881 πενήτων
396 793 452 862 καί
466 790 542 861 ἀντὶ
553 791 696 880 ἀφανῶν
708 795 777 861 τάν
787 791 887 862 πάλαι
900 789 1057 872 εύκλεείς.
1082 792 1188 862 καλόν
1203 818 1218 858 ε

231 895 280 981 δέ,
308 885 333 961 ὦ
359 899 517 981 βασιλεῦ,
552 904 645 984 είπερ
670 920 701 964 τι
727 893 783 962 καί
808 891 908 980 ἀλλο,
935 893 991 962 καί
1016 891 1038 980 ή
1072 897 1109 963 ἐν
1141 897 1188 986 τῷ

231 991 384 1081 εύτυχείν
411 994 623 1084 σωφροσύνη.
667 995 721 1064 σοί
737 993 801 1083 μὲν
817 993 883 1083 γάρ
901 989 994 1086 αύτῷ
1011 991 1188 1088 ἡγουμένῳ

229 1096 286 1166 καὶ
304 1095 462 1185 στρατιάν
482 1095 641 1184 τοιαύτην
658 1095 775 1182 ἄγοντι
792 1098 829 1164 ἐιι
845 1095 909 1183 μὲν
926 1103 1096 1184 πολεμίων
1114 1098 1189 1176 δέος

230 1194 348 1266 ούδέν·
374 1196 414 1266 τά
431 1196 469 1266 δὲ
487 1199 524 1267 ἐκ
540 1203 601 1266 τοῦ
616 1202 789 1285 δαιμονίου
803 1196 951 1284 ἀδόκητά
964 1197 1068 1266 τεκαὶ
1082 1196 1187 1286 ταύτη

230 1298 287 1368 καί
312 1295 489 1385 ἀφύλακτα
514 1313 584 1378 τοις
610 1293 803 1385 ἀνθρώποις
831 1300 908 1367 έστί.
1204 1325 1231 1364 ιο

156 1455 158 1458 -
177 1410 220 1476 28
311 1405 455 1470 Τοιαῦτα
475 1397 628 1478 είπόντος
649 1401 709 1468 τοῦ
724 1406 850 1468 Κοίνου
864 1397 1016 1487 θόρυβον
1031 1402 1188 1487 γενέσθαι

230 1502 354 1570 ἐκτῶν
378 1499 556 1590 παρόντων
583 1500 639 1570 ἐπὶ
664 1514 734 1580 τοίς
760 1499 886 1586 λόγοις·
927 1509 1063 1582 πολλοῖς
1081 1502 1119 1570 δὲ
1145 1501 1187 1589 δή
1234 1573 1236 1578 ,

229 1602 285 1670 καὶ
311 1600 441 1692 δάκρυα
466 1602 680 1691 προχυθέντα
706 1607 753 1670 ἔτι
777 1606 906 1690 μᾶλλον
932 1607 1081 1688 δηλῶσαι
1097 1602 1136 1672 τό
1153 1629 1188 1672 τε

229 1697 389 1772 ἀκούσιον
414 1707 474 1790 τῆς
499 1702 634 1790 γνύμης
653 1705 687 1782 ἐς
703 1701 784 1783 τούς
799 1701 915 1790 πρόσω
932 1702 1114 1784 κινδύνους
1131 1705 1188 1773 καί

229 1803 266 1872 τό
280 1801 361 1872 καθ’
380 1801 507 1891 ήδονήν
525 1824 638 1891 σφισιν
655 1803 742 1873 εἶναι
758 1800 820 1890 τήν
837 1801 1061 1892 ἀναχύρησιν.
1093 1802 1186 1874 Ἀλέ-
1202 1831 1228 1871 ιε

230 1907 370 1992 ξανδρος
397 1903 435 1972 δέ
460 1903 535 1973 τότε
560 1903 623 1992 μὲν
648 1903 828 1992 ἀχθεσθεὶς
853 1909 914 1974 τού
939 1931 975 1974 τε
1000 1911 1128 1975 Κοίνου
1146 1913 1188 1996 τῇ

230 2010 399 2096 παρρησίᾳ
412 2005 470 2072 καὶ
483 2011 530 2097 τῷ
544 2003 635 2099 ὄκνῳ
653 2012 721 2076 τῶν
735 2004 848 2074 ἀλλων
860 1998 1036 2094 ήγεμόνων
1055 2007 1189 2077 διέλυσε

197 2105 290 2174 ιτόν
316 2104 495 2192 ξύλλογον·
549 2109 582 2187 ἐς
617 2105 655 2175 δὲ
685 2107 748 2194 τήν
773 2104 957 2194 ύστεραίαν
983 2109 1188 2194 ξυγκαλέσας

230 2198 330 2287 αὖθις
356 2205 420 2288 ξύν
445 2203 530 2296 ἀργή
556 2205 637 2288 τούς
662 2205 787 2287 αύτούς
813 2203 917 2288 αύτός
942 2207 1004 2296 μὲν
1023 2210 1107 2277 ίέναι
1125 2215 1188 2296 ἔφη

229 2313 288 2378 τοῦ
308 2307 435 2401 πρόσω,
453 2307 627 2395 βιάσεσθαι
644 2307 684 2377 δὲ
701 2305 825 2377 ούδένα
838 2306 963 2378 ἀκοντα
978 2309 1188 2380 Μακεδόνων
1201 2341 1228 2382 ιο

230 2411 446 2493 ξυνέπεσθαι·
492 2411 576 2492 ἕξειν
608 2407 673 2498 γάρ
705 2409 787 2490 τούς
820 2406 1115 2498 ἀκολουθήσοντας
1141 2417 1187 2502 τῷ

230 2519 362 2599 βασιλεῖ
387 2515 484 2599 σφῶν
511 2511 662 2592 ἑκόντας·
693 2527 763 2591 τοῖς
790 2510 829 2580 δὲ
851 2512 907 2579 καὶ
925 2509 1056 2580 ἀπιέναι
1073 2517 1188 2582 οίκαδε

232 2612 409 2682 ἐθέλουσιν
440 2606 605 2700 ύπάρχειν
638 2609 771 2682 ἀπιέναι
800 2612 858 2680 καὶ
885 2613 1093 2699 ἐξαγγέλλειν
1118 2628 1188 2694 τοῖς

231 2719 365 2793 οίκείοις
391 2709 442 2781 ὅτι
458 2711 518 2782 τόν
544 2716 681 2800 βασιλέα
699 2716 797 2800 σφόν
816 2715 852 2782 ἐν
869 2715 980 2801 μέσοις
999 2729 1069 2794 τοίς
1087 2723 1188 2784 πολε-

196 2838 212 2887 3
229 2821 316 2903 μίοις
331 2813 555 2901 ἐπανήκουσιν
567 2812 798 2896 ἀπολιπόντες.
825 2812 918 2884 ταῦτ’
935 2813 1073 2884 εἰπόντα
1082 2814 1186 2885 ἀπελ-
1200 2845 1225 2887 ιε

229 2925 307 2984 θελν
335 2917 367 2996 ές
393 2914 455 3002 τήν
482 2913 620 3002 σκηνήν,
645 2913 733 3003 μηδέ
748 2943 820 2985 τινα
837 2921 907 2983 τῶν
922 2916 1063 3004 ἑταίρων
1083 2938 1188 3008 προσ-

232 3017 329 3086 έσθαι
360 3012 464 3102 αύτής
495 3042 531 3085 τε
564 3018 693 3104 ἐκείνης
725 3022 783 3104 τής
815 3013 940 3105 ἡμέρας
972 3018 1029 3086 καί
1063 3021 1096 3099 ές
1128 3019 1189 3104 τήν

229 3123 347 3206 τρίτην
365 3121 411 3185 ἔτι
428 3113 487 3184 ἀπ’
508 3119 647 3204 ἐκείνης,
674 3117 887 3206 ύπομένοντα
910 3125 943 3188 εί
960 3118 1002 3204 δή
1019 3145 1067 3199 τις
1083 3119 1189 3207 τροπή

230 3236 303 3300 ταις
336 3217 484 3306 γνύμαις
515 3222 584 3288 τῶν
610 3219 822 3289 Μακεδόνων
852 3245 888 3287 τε
912 3219 970 3287 καί
995 3221 1189 3308 ξυμμάχων,
1320 3289 1321 3318 ¹

230 3316 285 3391 οἷα
311 3319 353 3408 δή
381 3320 418 3388 έν
443 3318 532 3411 όχλῳ
566 3325 774 3410 στρατιωτῶν
805 3317 846 3388 τά
880 3319 986 3388 πολλοὶ
1019 3329 1112 3408 φιλεῖ
1134 3328 1227 3408 γί·εο
1320 3351 1321 3413 χ

229 3431 382 3510 γνεσθαι,
403 3422 592 3508 ἐμπεσούσα
611 3416 888 3518 εύπενθεστέρους
905 3421 1037 3510 παρέξει
1055 3421 1188 3502 αύτούς.

191 3521 276 3606 4ύς
294 3524 332 3594 δὲ
359 3521 434 3612 σιγή
460 3511 506 3592 αύ
532 3521 637 3611 πολλή
662 3514 707 3610 ήν
733 3519 797 3591 ἀνὰ
816 3520 853 3591 τό
881 3521 1108 3611 στρατόπεδον
1134 3526 1189 3595 καὶ
