<?xml version="1.0" encoding="UTF-8"?>
<!DOCTYPE html PUBLIC "-//W3C//DTD XHTML 1.0 Transitional//EN"
    "http://www.w3.org/TR/xhtml1/DTD/xhtml1-transitional.dtd">
<html xmlns="http://www.w3.org/1999/xhtml" xml:lang="en" lang="en">
 <head>
  <title>
</title>
<meta http-equiv="Content-Type" content="text/html;charset=utf-8" />
  <meta name='ocr-system' content='tesseract 3.04.00' />
  <meta name='ocr-capabilities' content='ocr_page ocr_carea ocr_par ocr_line ocrx_word'/>
</head>
<body>
  <div class='ocr_page' id='page_1' title='image "./arrianianabasis00abicgoog_0322.png"; bbox 0 0 2590 3948; ppageno 0'>
   <div class='ocr_carea' id='block_1_1' title="bbox 454 218 1068 283">
    <p class='ocr_par' dir='ltr' id='par_1_1' title="bbox 454 218 1068 283">
     <span class='ocr_line' id='line_1_1' title="bbox 454 218 1068 283; baseline 0 -14"><span class='ocrx_word' id='word_1_1' title='bbox 454 218 638 270; x_wconf 72' lang='grc' dir='ltr'><strong>ΑΝΔΒΑΣΙΣ</strong></span> <span class='ocrx_word' id='word_1_2' title='bbox 657 221 685 274; x_wconf 85' lang='grc' dir='ltr'><strong><em>ι.</em></strong></span> <span class='ocrx_word' id='word_1_3' title='bbox 703 223 727 271; x_wconf 76' lang='grc' dir='ltr'><strong><em>ι.</em></strong></span> <span class='ocrx_word' id='word_1_4' title='bbox 1007 218 1068 283; x_wconf 81' lang='lat'><strong><em>291</em></strong></span> 
     </span>
    </p>
   </div>
   <div class='ocr_carea' id='block_1_2' title="bbox 67 367 1110 3492">
    <p class='ocr_par' dir='ltr' id='par_1_2' title="bbox 67 367 1110 3492">
     <span class='ocr_line' id='line_1_2' title="bbox 107 367 1072 465; baseline 0.001 -22"><span class='ocrx_word' id='word_1_5' title='bbox 107 401 177 463; x_wconf 83' lang='grc' dir='ltr'><strong><em>χιον</em></strong></span> <span class='ocrx_word' id='word_1_6' title='bbox 196 372 318 455; x_wconf 78' lang='grc' dir='ltr'><strong><em>ἄλλοις.</em></strong></span> <span class='ocrx_word' id='word_1_7' title='bbox 362 376 419 444; x_wconf 77' lang='grc' dir='ltr'><strong><em>καὶ</em></strong></span> <span class='ocrx_word' id='word_1_8' title='bbox 437 367 575 444; x_wconf 79' lang='grc' dir='ltr'><strong><em>οὖνκαὶ</em></strong></span> <span class='ocrx_word' id='word_1_9' title='bbox 593 373 708 462; x_wconf 79' lang='grc' dir='ltr'><em>ὀλίγον</em></span> <span class='ocrx_word' id='word_1_10' title='bbox 725 373 868 465; x_wconf 77' lang='grc' dir='ltr'><strong><em>ὕστερον</em></strong></span> <span class='ocrx_word' id='word_1_11' title='bbox 886 372 1072 445; x_wconf 85' lang='grc' dir='ltr'><strong><em>άποθανῶν</em></strong></span> 
     </span>
     <span class='ocr_line' id='line_1_3' title="bbox 109 475 1073 566; baseline 0.003 -23"><span class='ocrx_word' id='word_1_12' title='bbox 109 481 272 545; x_wconf 83' lang='grc' dir='ltr'><strong><em>τοσοῦτον</em></strong></span> <span class='ocrx_word' id='word_1_13' title='bbox 290 477 444 558; x_wconf 76' lang='grc' dir='ltr'><strong><em>καθέξεις</em></strong></span> <span class='ocrx_word' id='word_1_14' title='bbox 461 479 518 563; x_wconf 83' lang='grc' dir='ltr'><strong><em>της</em></strong></span> <span class='ocrx_word' id='word_1_15' title='bbox 536 481 598 564; x_wconf 77' lang='grc' dir='ltr'><strong><em>γῆς</em></strong></span> <span class='ocrx_word' id='word_1_16' title='bbox 613 475 695 546; x_wconf 83' lang='grc' dir='ltr'><strong><em>ὅσον</em></strong></span> <span class='ocrx_word' id='word_1_17' title='bbox 716 479 849 566; x_wconf 82' lang='grc' dir='ltr'><strong><em>ἐξαρκεῖ</em></strong></span> <span class='ocrx_word' id='word_1_18' title='bbox 866 477 1073 565; x_wconf 73' lang='grc' dir='ltr'><strong><em>ἐντεθάφθαι</em></strong></span> 
     </span>
     <span class='ocr_line' id='line_1_4' title="bbox 108 598 320 668; baseline 0 -22"><span class='ocrx_word' id='word_1_19' title='bbox 108 602 155 668; x_wconf 90' lang='grc' dir='ltr'><strong><em>τῳ</em></strong></span> <span class='ocrx_word' id='word_1_20' title='bbox 184 598 320 664; x_wconf 87' lang='grc' dir='ltr'><strong><em>σωματι.</em></strong></span> 
     </span>
     <span class='ocr_line' id='line_1_5' title="bbox 187 674 1109 768; baseline 0 -20"><span class='ocrx_word' id='word_1_21' title='bbox 187 677 377 749; x_wconf 76' lang='grc' dir='ltr'><strong><em>Κάνταῦθα</em></strong></span> <span class='ocrx_word' id='word_1_22' title='bbox 411 679 552 768; x_wconf 74' lang='grc' dir='ltr'><strong><em>ἐπῄνεσε</em></strong></span> <span class='ocrx_word' id='word_1_23' title='bbox 585 677 648 766; x_wconf 77' lang='grc' dir='ltr'><strong><em>μὲν</em></strong></span> <span class='ocrx_word' id='word_1_24' title='bbox 675 674 893 768; x_wconf 83' lang='grc' dir='ltr'><strong><em>Ἀλέξανδρος</em></strong></span> <span class='ocrx_word' id='word_1_25' title='bbox 926 679 1005 759; x_wconf 81' lang='grc' dir='ltr'><strong><em>τούς</em></strong></span> <span class='ocrx_word' id='word_1_26' title='bbox 1037 685 1109 748; x_wconf 83' lang='grc' dir='ltr'><strong><em>τε2</em></strong></span> 
     </span>
     <span class='ocr_line' id='line_1_6' title="bbox 69 777 1073 869; baseline 0.005 -24"><span class='ocrx_word' id='word_1_27' title='bbox 69 803 82 844; x_wconf 81' lang='lat'>⁵</span> <span class='ocrx_word' id='word_1_28' title='bbox 109 777 233 864; x_wconf 83' lang='grc' dir='ltr'><em>λόγους</em></span> <span class='ocrx_word' id='word_1_29' title='bbox 258 777 385 860; x_wconf 72' lang='grc' dir='ltr'><strong><em>αὐτοῦς</em></strong></span> <span class='ocrx_word' id='word_1_30' title='bbox 403 781 460 848; x_wconf 81' lang='grc' dir='ltr'><strong><em>καὶ</em></strong></span> <span class='ocrx_word' id='word_1_31' title='bbox 477 779 556 860; x_wconf 85' lang='grc' dir='ltr'><strong><em>τοδς</em></strong></span> <span class='ocrx_word' id='word_1_32' title='bbox 574 777 742 866; x_wconf 81' lang='grc' dir='ltr'><strong><em>εἰπόντας,</em></strong></span> <span class='ocrx_word' id='word_1_33' title='bbox 768 785 913 869; x_wconf 78' lang='grc' dir='ltr'><strong><em>ἔπρασσε</em></strong></span> <span class='ocrx_word' id='word_1_34' title='bbox 930 780 967 850; x_wconf 77' lang='grc' dir='ltr'><strong><em>δὲ</em></strong></span> <span class='ocrx_word' id='word_1_35' title='bbox 985 777 1073 868; x_wconf 78' lang='grc' dir='ltr'><strong><em>ὅμως</em></strong></span> 
     </span>
     <span class='ocr_line' id='line_1_7' title="bbox 109 875 1073 968; baseline 0.003 -20"><span class='ocrx_word' id='word_1_36' title='bbox 109 878 196 948; x_wconf 80' lang='grc' dir='ltr'><strong><em>ἄλλα</em></strong></span> <span class='ocrx_word' id='word_1_37' title='bbox 222 882 280 949; x_wconf 85' lang='grc' dir='ltr'><strong><em>καὶ</em></strong></span> <span class='ocrx_word' id='word_1_38' title='bbox 306 877 467 950; x_wconf 86' lang='grc' dir='ltr'><strong><em>τάναντία</em></strong></span> <span class='ocrx_word' id='word_1_39' title='bbox 494 875 546 960; x_wconf 83' lang='grc' dir='ltr'><strong><em>οἷς</em></strong></span> <span class='ocrx_word' id='word_1_40' title='bbox 574 879 745 968; x_wconf 76' lang='grc' dir='ltr'><strong><em>ἐπῄνεσεν.</em></strong></span> <span class='ocrx_word' id='word_1_41' title='bbox 799 882 871 950; x_wconf 80' lang='grc' dir='ltr'><strong><em>ἐπεὶ</em></strong></span> <span class='ocrx_word' id='word_1_42' title='bbox 902 883 959 950; x_wconf 77' lang='grc' dir='ltr'><strong><em>καί</em></strong></span> <span class='ocrx_word' id='word_1_43' title='bbox 989 893 1073 952; x_wconf 87' lang='grc' dir='ltr'><strong><em>Λιο·</em></strong></span> 
     </span>
     <span class='ocr_line' id='line_1_8' title="bbox 109 980 1073 1074; baseline 0 -24"><span class='ocrx_word' id='word_1_44' title='bbox 109 981 211 1070; x_wconf 80' lang='grc' dir='ltr'><strong><em>μένην</em></strong></span> <span class='ocrx_word' id='word_1_45' title='bbox 229 980 291 1050; x_wconf 87' lang='grc' dir='ltr'><strong><em>τδν</em></strong></span> <span class='ocrx_word' id='word_1_46' title='bbox 310 984 346 1050; x_wconf 79' lang='grc' dir='ltr'><strong><em>ἐκ</em></strong></span> <span class='ocrx_word' id='word_1_47' title='bbox 365 980 524 1070; x_wconf 82' lang='grc' dir='ltr'><strong><em>Σιυῶπης</em></strong></span> <span class='ocrx_word' id='word_1_48' title='bbox 541 980 715 1068; x_wconf 80' lang='grc' dir='ltr'><strong><em>θαυμάσαι</em></strong></span> <span class='ocrx_word' id='word_1_49' title='bbox 732 981 872 1068; x_wconf 81' lang='grc' dir='ltr'><strong><em>λέγεται,</em></strong></span> <span class='ocrx_word' id='word_1_50' title='bbox 897 986 934 1052; x_wconf 85' lang='grc' dir='ltr'><strong><em>έν</em></strong></span> <span class='ocrx_word' id='word_1_51' title='bbox 948 981 1073 1074; x_wconf 78' lang='grc' dir='ltr'><strong><em>Ἰσθμῷ</em></strong></span> 
     </span>
     <span class='ocr_line' id='line_1_9' title="bbox 110 1081 1073 1175; baseline 0.001 -24"><span class='ocrx_word' id='word_1_52' title='bbox 110 1081 260 1169; x_wconf 85' lang='grc' dir='ltr'><strong><em>έντυχῶν</em></strong></span> <span class='ocrx_word' id='word_1_53' title='bbox 282 1088 331 1174; x_wconf 76' lang='grc' dir='ltr'><strong><em>τῷ</em></strong></span> <span class='ocrx_word' id='word_1_54' title='bbox 350 1083 504 1168; x_wconf 79' lang='grc' dir='ltr'><strong><em>Διογένει</em></strong></span> <span class='ocrx_word' id='word_1_55' title='bbox 522 1083 747 1173; x_wconf 75' lang='grc' dir='ltr'><strong><em>κατακειμένῳ</em></strong></span> <span class='ocrx_word' id='word_1_56' title='bbox 766 1084 802 1151; x_wconf 85' lang='grc' dir='ltr'><strong><em>έυ</em></strong></span> <span class='ocrx_word' id='word_1_57' title='bbox 819 1082 919 1175; x_wconf 82' lang='grc' dir='ltr'><strong><em>ἡλίῳ,</em></strong></span> <span class='ocrx_word' id='word_1_58' title='bbox 938 1084 1073 1164; x_wconf 76' lang='grc' dir='ltr'><strong><em>ἐπιστάς</em></strong></span> 
     </span>
     <span class='ocr_line' id='line_1_10' title="bbox 109 1182 1071 1275; baseline 0.002 -23"><span class='ocrx_word' id='word_1_59' title='bbox 109 1182 171 1264; x_wconf 82' lang='grc' dir='ltr'><strong><em>ξδν</em></strong></span> <span class='ocrx_word' id='word_1_60' title='bbox 197 1198 268 1264; x_wconf 86' lang='grc' dir='ltr'><strong><em>τοῖς</em></strong></span> <span class='ocrx_word' id='word_1_61' title='bbox 295 1182 521 1264; x_wconf 76' lang='grc' dir='ltr'><strong><em>ὑπασπισταῖς</em></strong></span> <span class='ocrx_word' id='word_1_62' title='bbox 539 1184 685 1263; x_wconf 77' lang='grc' dir='ltr'><strong><em>καὶτοῖς</em></strong></span> <span class='ocrx_word' id='word_1_63' title='bbox 703 1191 901 1270; x_wconf 80' lang='grc' dir='ltr'><strong><em>πεζεταίροις</em></strong></span> <span class='ocrx_word' id='word_1_64' title='bbox 918 1187 975 1254; x_wconf 83' lang='grc' dir='ltr'><strong><em>καὶ</em></strong></span> <span class='ocrx_word' id='word_1_65' title='bbox 995 1185 1071 1275; x_wconf 88' lang='grc' dir='ltr'><strong><em>έρό-</em></strong></span> 
     </span>
     <span class='ocr_line' id='line_1_11' title="bbox 70 1282 1073 1374; baseline 0.007 -26"><span class='ocrx_word' id='word_1_66' title='bbox 70 1308 96 1348; x_wconf 84' lang='grc' dir='ltr'><strong><em>ιο</em></strong></span> <span class='ocrx_word' id='word_1_67' title='bbox 109 1311 209 1373; x_wconf 88' lang='grc' dir='ltr'><strong><em>μενος</em></strong></span> <span class='ocrx_word' id='word_1_68' title='bbox 236 1294 271 1354; x_wconf 85' lang='grc' dir='ltr'><strong><em>εί</em></strong></span> <span class='ocrx_word' id='word_1_69' title='bbox 291 1312 352 1354; x_wconf 88' lang='grc' dir='ltr'><strong><em>του</em></strong></span> <span class='ocrx_word' id='word_1_70' title='bbox 371 1285 493 1354; x_wconf 85' lang='grc' dir='ltr'><strong><em>δέοιτο·</em></strong></span> <span class='ocrx_word' id='word_1_71' title='bbox 521 1284 539 1352; x_wconf 87' lang='grc' dir='ltr'><strong><em>δ</em></strong></span> <span class='ocrx_word' id='word_1_72' title='bbox 564 1283 603 1354; x_wconf 67' lang='grc' dir='ltr'><strong><em>δέ</em></strong></span> <span class='ocrx_word' id='word_1_73' title='bbox 621 1285 787 1371; x_wconf 79' lang='grc' dir='ltr'><strong><em>Διογένης</em></strong></span> <span class='ocrx_word' id='word_1_74' title='bbox 804 1282 909 1353; x_wconf 79' lang='grc' dir='ltr'><strong><em>ἄλλου</em></strong></span> <span class='ocrx_word' id='word_1_75' title='bbox 926 1285 989 1372; x_wconf 72' lang='grc' dir='ltr'><strong><em>μέν</em></strong></span> <span class='ocrx_word' id='word_1_76' title='bbox 1009 1293 1073 1374; x_wconf 82' lang='grc' dir='ltr'><strong><em>ἔφη</em></strong></span> 
     </span>
     <span class='ocr_line' id='line_1_12' title="bbox 110 1379 1072 1474; baseline 0.001 -19"><span class='ocrx_word' id='word_1_77' title='bbox 110 1392 244 1455; x_wconf 89' lang='grc' dir='ltr'><strong><em>δεῖσθαι</em></strong></span> <span class='ocrx_word' id='word_1_78' title='bbox 270 1384 422 1474; x_wconf 80' lang='grc' dir='ltr'><strong><em>οὐδενός,</em></strong></span> <span class='ocrx_word' id='word_1_79' title='bbox 448 1384 514 1454; x_wconf 85' lang='grc' dir='ltr'><strong><em>άπὸ</em></strong></span> <span class='ocrx_word' id='word_1_80' title='bbox 541 1391 603 1455; x_wconf 77' lang='grc' dir='ltr'><strong><em>τοῦ</em></strong></span> <span class='ocrx_word' id='word_1_81' title='bbox 629 1379 729 1472; x_wconf 81' lang='grc' dir='ltr'><strong><em>ἡλίου</em></strong></span> <span class='ocrx_word' id='word_1_82' title='bbox 757 1384 795 1453; x_wconf 74' lang='grc' dir='ltr'><strong><em>δὲ</em></strong></span> <span class='ocrx_word' id='word_1_83' title='bbox 818 1382 981 1456; x_wconf 89' lang='grc' dir='ltr'><strong><em>άπελθεῖν</em></strong></span> <span class='ocrx_word' id='word_1_84' title='bbox 1000 1389 1072 1456; x_wconf 87' lang='grc' dir='ltr'><strong><em>έκέ-</em></strong></span> 
     </span>
     <span class='ocr_line' id='line_1_13' title="bbox 111 1484 1107 1578; baseline 0 -24"><span class='ocrx_word' id='word_1_85' title='bbox 111 1494 230 1556; x_wconf 89' lang='grc' dir='ltr'><strong><em>λευσεν</em></strong></span> <span class='ocrx_word' id='word_1_86' title='bbox 257 1485 363 1555; x_wconf 78' lang='grc' dir='ltr'><strong><em>αὐτόν</em></strong></span> <span class='ocrx_word' id='word_1_87' title='bbox 388 1514 424 1556; x_wconf 89' lang='grc' dir='ltr'><strong><em>τε</em></strong></span> <span class='ocrx_word' id='word_1_88' title='bbox 449 1487 506 1554; x_wconf 83' lang='grc' dir='ltr'><strong><em>καὶ</em></strong></span> <span class='ocrx_word' id='word_1_89' title='bbox 531 1487 612 1566; x_wconf 85' lang='grc' dir='ltr'><strong><em>τοδς</em></strong></span> <span class='ocrx_word' id='word_1_90' title='bbox 639 1486 704 1556; x_wconf 80' lang='grc' dir='ltr'><strong><em>σῶν</em></strong></span> <span class='ocrx_word' id='word_1_91' title='bbox 722 1484 824 1578; x_wconf 76' lang='grc' dir='ltr'><strong><em>αὐτῷ.</em></strong></span> <span class='ocrx_word' id='word_1_92' title='bbox 858 1484 947 1555; x_wconf 79' lang='grc' dir='ltr'><strong><em>οὕτω</em></strong></span> <span class='ocrx_word' id='word_1_93' title='bbox 964 1515 1014 1556; x_wconf 90' lang='grc' dir='ltr'><strong><em>τοι</em></strong></span> <span class='ocrx_word' id='word_1_94' title='bbox 1031 1486 1107 1556; x_wconf 69' lang='grc' dir='ltr'><strong><em>οὐκ</em></strong></span> 
     </span>
     <span class='ocr_line' id='line_1_14' title="bbox 111 1578 1074 1677; baseline 0.003 -21"><span class='ocrx_word' id='word_1_95' title='bbox 111 1587 221 1676; x_wconf 90' lang='grc' dir='ltr'><strong><em>πάντη</em></strong></span> <span class='ocrx_word' id='word_1_96' title='bbox 248 1589 310 1668; x_wconf 81' lang='grc' dir='ltr'><strong><em>ἔξω</em></strong></span> <span class='ocrx_word' id='word_1_97' title='bbox 328 1578 370 1674; x_wconf 82' lang='grc' dir='ltr'><strong><em>ἦν</em></strong></span> <span class='ocrx_word' id='word_1_98' title='bbox 388 1591 449 1656; x_wconf 82' lang='grc' dir='ltr'><strong><em>τοῦ</em></strong></span> <span class='ocrx_word' id='word_1_99' title='bbox 470 1591 615 1657; x_wconf 78' lang='grc' dir='ltr'><strong><em>ἐπινοεῖν</em></strong></span> <span class='ocrx_word' id='word_1_100' title='bbox 632 1585 672 1656; x_wconf 80' lang='grc' dir='ltr'><strong><em>τά</em></strong></span> <span class='ocrx_word' id='word_1_101' title='bbox 689 1595 829 1677; x_wconf 77' lang='grc' dir='ltr'><strong><em>κρείττω</em></strong></span> <span class='ocrx_word' id='word_1_102' title='bbox 843 1585 1074 1676; x_wconf 86' lang='grc' dir='ltr'><strong><em>Ἀλέξανδρος,</em></strong></span> 
     </span>
     <span class='ocr_line' id='line_1_15' title="bbox 111 1686 1074 1779; baseline 0.004 -23"><span class='ocrx_word' id='word_1_103' title='bbox 111 1686 186 1756; x_wconf 76' lang='grc' dir='ltr'><strong><em>ἀλλ’</em></strong></span> <span class='ocrx_word' id='word_1_104' title='bbox 216 1691 252 1758; x_wconf 78' lang='grc' dir='ltr'><strong><em>ἐκ</em></strong></span> <span class='ocrx_word' id='word_1_105' title='bbox 276 1688 373 1776; x_wconf 80' lang='grc' dir='ltr'><strong><em>δόξης</em></strong></span> <span class='ocrx_word' id='word_1_106' title='bbox 400 1689 466 1779; x_wconf 78' lang='grc' dir='ltr'><strong><em>γάρ</em></strong></span> <span class='ocrx_word' id='word_1_107' title='bbox 493 1693 610 1769; x_wconf 77' lang='grc' dir='ltr'><strong><em>δεινῶς</em></strong></span> <span class='ocrx_word' id='word_1_108' title='bbox 638 1691 817 1778; x_wconf 84' lang='grc' dir='ltr'><strong><em>ίκρατεῖτο.</em></strong></span> <span class='ocrx_word' id='word_1_109' title='bbox 858 1691 929 1757; x_wconf 81' lang='grc' dir='ltr'><strong><em>ἐπεὶ</em></strong></span> <span class='ocrx_word' id='word_1_110' title='bbox 956 1691 1013 1758; x_wconf 87' lang='grc' dir='ltr'><strong><em>καὶ</em></strong></span> <span class='ocrx_word' id='word_1_111' title='bbox 1041 1694 1074 1769; x_wconf 81' lang='grc' dir='ltr'><strong><em>ἐς</em></strong></span> 
     </span>
     <span class='ocr_line' id='line_1_16' title="bbox 70 1784 1075 1882; baseline 0 -23"><span class='ocrx_word' id='word_1_112' title='bbox 70 1810 97 1852; x_wconf 78' lang='lat'><strong><em>¹⁵</em></strong></span> <span class='ocrx_word' id='word_1_113' title='bbox 116 1789 237 1870; x_wconf 80' lang='grc' dir='ltr'><strong><em>Τάξιλα</em></strong></span> <span class='ocrx_word' id='word_1_114' title='bbox 264 1784 357 1881; x_wconf 76' lang='grc' dir='ltr'><strong><em>αὐτῷ</em></strong></span> <span class='ocrx_word' id='word_1_115' title='bbox 385 1787 576 1882; x_wconf 80' lang='grc' dir='ltr'><strong><em>ἀφικομένῳ</em></strong></span> <span class='ocrx_word' id='word_1_116' title='bbox 602 1789 658 1858; x_wconf 80' lang='grc' dir='ltr'><strong><em>καὶ</em></strong></span> <span class='ocrx_word' id='word_1_117' title='bbox 686 1790 793 1860; x_wconf 86' lang='grc' dir='ltr'><strong><em>ίδόντι</em></strong></span> <span class='ocrx_word' id='word_1_118' title='bbox 818 1795 887 1858; x_wconf 90' lang='grc' dir='ltr'><strong><em>τῶν</em></strong></span> <span class='ocrx_word' id='word_1_119' title='bbox 906 1794 1075 1878; x_wconf 75' lang='grc' dir='ltr'><strong><em>σοφιστῶν</em></strong></span> 
     </span>
     <span class='ocr_line' id='line_1_17' title="bbox 106 1888 1075 1980; baseline 0 -20"><span class='ocrx_word' id='word_1_120' title='bbox 106 1888 227 1960; x_wconf 87' lang='grc' dir='ltr'><strong><em>Ἰνδῶν</em></strong></span> <span class='ocrx_word' id='word_1_121' title='bbox 253 1890 333 1970; x_wconf 82' lang='grc' dir='ltr'><strong><em>τούς</em></strong></span> <span class='ocrx_word' id='word_1_122' title='bbox 359 1890 511 1980; x_wconf 80' lang='grc' dir='ltr'><strong><em>γυμνοδς</em></strong></span> <span class='ocrx_word' id='word_1_123' title='bbox 538 1889 643 1971; x_wconf 82' lang='grc' dir='ltr'><strong><em>πόθος</em></strong></span> <span class='ocrx_word' id='word_1_124' title='bbox 670 1891 801 1978; x_wconf 80' lang='grc' dir='ltr'><strong><em>ἐγένετο</em></strong></span> <span class='ocrx_word' id='word_1_125' title='bbox 829 1891 985 1971; x_wconf 83' lang='grc' dir='ltr'><strong><em>ξυνεῖναί</em></strong></span> <span class='ocrx_word' id='word_1_126' title='bbox 1000 1892 1075 1960; x_wconf 90' lang='grc' dir='ltr'><strong><em>τινά</em></strong></span> 
     </span>
     <span class='ocr_line' id='line_1_18' title="bbox 110 1989 1075 2082; baseline -0.001 -21"><span class='ocrx_word' id='word_1_127' title='bbox 110 1997 147 2061; x_wconf 83' lang='grc' dir='ltr'><strong><em>οί</em></strong></span> <span class='ocrx_word' id='word_1_128' title='bbox 169 1995 239 2060; x_wconf 88' lang='grc' dir='ltr'><strong><em>τῶν</em></strong></span> <span class='ocrx_word' id='word_1_129' title='bbox 266 1989 403 2082; x_wconf 74' lang='grc' dir='ltr'><strong><em>ἀνδρῶν</em></strong></span> <span class='ocrx_word' id='word_1_130' title='bbox 428 1992 572 2074; x_wconf 77' lang='grc' dir='ltr'><strong><em>τούτων,</em></strong></span> <span class='ocrx_word' id='word_1_131' title='bbox 599 1989 649 2060; x_wconf 81' lang='grc' dir='ltr'><strong><em>ὅτι</em></strong></span> <span class='ocrx_word' id='word_1_132' title='bbox 673 1990 735 2079; x_wconf 80' lang='grc' dir='ltr'><strong><em>τὴν</em></strong></span> <span class='ocrx_word' id='word_1_133' title='bbox 761 1997 941 2082; x_wconf 89' lang='grc' dir='ltr'><strong><em>καρτερίαν</em></strong></span> <span class='ocrx_word' id='word_1_134' title='bbox 959 1990 1075 2062; x_wconf 77' lang='grc' dir='ltr'><strong><em>αὐτῶν</em></strong></span> 
     </span>
     <span class='ocr_line' id='line_1_19' title="bbox 111 2091 1075 2182; baseline -0.002 -20"><span class='ocrx_word' id='word_1_135' title='bbox 111 2091 300 2182; x_wconf 78' lang='grc' dir='ltr'><strong><em>ἐθαύμασε·</em></strong></span> <span class='ocrx_word' id='word_1_136' title='bbox 336 2095 393 2162; x_wconf 78' lang='grc' dir='ltr'><strong><em>καὶ</em></strong></span> <span class='ocrx_word' id='word_1_137' title='bbox 419 2092 437 2162; x_wconf 90' lang='grc' dir='ltr'>ὁ</span> <span class='ocrx_word' id='word_1_138' title='bbox 464 2093 527 2181; x_wconf 71' lang='grc' dir='ltr'><strong><em>μὲν</em></strong></span> <span class='ocrx_word' id='word_1_139' title='bbox 553 2094 780 2182; x_wconf 78' lang='grc' dir='ltr'><strong><em>πρεσβύτατος</em></strong></span> <span class='ocrx_word' id='word_1_140' title='bbox 806 2095 874 2160; x_wconf 91' lang='grc' dir='ltr'><strong><em>τῶν</em></strong></span> <span class='ocrx_word' id='word_1_141' title='bbox 893 2096 1075 2182; x_wconf 83' lang='grc' dir='ltr'><strong><em>σοφιστῶν,</em></strong></span> 
     </span>
     <span class='ocr_line' id='line_1_20' title="bbox 110 2186 1075 2284; baseline 0.001 -21"><span class='ocrx_word' id='word_1_142' title='bbox 110 2193 190 2264; x_wconf 83' lang='grc' dir='ltr'><strong><em>ὅτου</em></strong></span> <span class='ocrx_word' id='word_1_143' title='bbox 223 2192 374 2282; x_wconf 78' lang='grc' dir='ltr'><strong><em>ὁμιληταὶ</em></strong></span> <span class='ocrx_word' id='word_1_144' title='bbox 407 2197 442 2264; x_wconf 84' lang='grc' dir='ltr'><strong><em>οί</em></strong></span> <span class='ocrx_word' id='word_1_145' title='bbox 473 2193 568 2263; x_wconf 87' lang='grc' dir='ltr'><strong><em>άλλοι</em></strong></span> <span class='ocrx_word' id='word_1_146' title='bbox 600 2186 706 2282; x_wconf 80' lang='grc' dir='ltr'><strong><em>ἦσαν,</em></strong></span> <span class='ocrx_word' id='word_1_147' title='bbox 746 2192 921 2282; x_wconf 89' lang='grc' dir='ltr'><strong><em>Δάνδαμις</em></strong></span> <span class='ocrx_word' id='word_1_148' title='bbox 955 2193 1075 2284; x_wconf 82' lang='grc' dir='ltr'><strong><em>ὄνομα,</em></strong></span> 
     </span>
     <span class='ocr_line' id='line_1_21' title="bbox 67 2290 1075 2384; baseline 0 -20"><span class='ocrx_word' id='word_1_149' title='bbox 67 2317 96 2356; x_wconf 80' lang='lat'><strong><em>2⁰</em></strong></span> <span class='ocrx_word' id='word_1_150' title='bbox 110 2293 188 2364; x_wconf 82' lang='grc' dir='ltr'><strong><em>οὔτε</em></strong></span> <span class='ocrx_word' id='word_1_151' title='bbox 214 2294 317 2375; x_wconf 85' lang='grc' dir='ltr'><strong><em>αάτός</em></strong></span> <span class='ocrx_word' id='word_1_152' title='bbox 345 2301 408 2384; x_wconf 85' lang='grc' dir='ltr'><strong><em>ἔφη</em></strong></span> <span class='ocrx_word' id='word_1_153' title='bbox 435 2294 512 2382; x_wconf 88' lang='grc' dir='ltr'><strong><em>παρ’</em></strong></span> <span class='ocrx_word' id='word_1_154' title='bbox 540 2290 758 2383; x_wconf 78' lang='grc' dir='ltr'><strong><em>Ἀλέξανδρον</em></strong></span> <span class='ocrx_word' id='word_1_155' title='bbox 784 2291 875 2382; x_wconf 77' lang='grc' dir='ltr'><strong><em>ἥξειν</em></strong></span> <span class='ocrx_word' id='word_1_156' title='bbox 900 2293 977 2364; x_wconf 82' lang='grc' dir='ltr'><strong><em>οὔτε</em></strong></span> <span class='ocrx_word' id='word_1_157' title='bbox 994 2294 1075 2374; x_wconf 75' lang='grc' dir='ltr'><strong><em>τούς</em></strong></span> 
     </span>
     <span class='ocr_line' id='line_1_22' title="bbox 111 2393 1107 2485; baseline -0.004 -21"><span class='ocrx_word' id='word_1_158' title='bbox 111 2395 236 2475; x_wconf 77' lang='grc' dir='ltr'><strong><em>ἄλλους</em></strong></span> <span class='ocrx_word' id='word_1_159' title='bbox 255 2407 317 2464; x_wconf 89' lang='grc' dir='ltr'><strong><em>εῖα.</em></strong></span> <span class='ocrx_word' id='word_1_160' title='bbox 344 2395 596 2481; x_wconf 79' lang='grc' dir='ltr'><strong><em>ὑποκρίνασθαι</em></strong></span> <span class='ocrx_word' id='word_1_161' title='bbox 613 2394 680 2485; x_wconf 77' lang='grc' dir='ltr'><strong><em>γάρ</em></strong></span> <span class='ocrx_word' id='word_1_162' title='bbox 698 2395 827 2480; x_wconf 82' lang='grc' dir='ltr'><strong><em>λέγεται</em></strong></span> <span class='ocrx_word' id='word_1_163' title='bbox 841 2393 886 2474; x_wconf 84' lang='grc' dir='ltr'><strong><em>ῶς</em></strong></span> <span class='ocrx_word' id='word_1_164' title='bbox 901 2394 984 2475; x_wconf 84' lang='grc' dir='ltr'><strong><em>Διὸς</em></strong></span> <span class='ocrx_word' id='word_1_165' title='bbox 998 2395 1074 2475; x_wconf 86' lang='grc' dir='ltr'><strong><em>υίδς</em></strong></span> <span class='ocrx_word' id='word_1_166' title='bbox 1092 2413 1107 2460; x_wconf 85' lang='grc'><strong>3</strong></span> 
     </span>
     <span class='ocr_line' id='line_1_23' title="bbox 110 2487 1076 2584; baseline 0 -20"><span class='ocrx_word' id='word_1_167' title='bbox 110 2497 167 2564; x_wconf 78' lang='grc' dir='ltr'><strong><em>καὶ</em></strong></span> <span class='ocrx_word' id='word_1_168' title='bbox 185 2495 290 2576; x_wconf 73' lang='grc' dir='ltr'><strong><em>αὐτὸς</em></strong></span> <span class='ocrx_word' id='word_1_169' title='bbox 307 2507 372 2584; x_wconf 87' lang='grc' dir='ltr'><strong><em>εῖη,</em></strong></span> <span class='ocrx_word' id='word_1_170' title='bbox 399 2507 493 2583; x_wconf 86' lang='grc' dir='ltr'><strong><em>εῖπερ</em></strong></span> <span class='ocrx_word' id='word_1_171' title='bbox 520 2487 586 2564; x_wconf 73' lang='grc' dir='ltr'><strong><em>οὖν</em></strong></span> <span class='ocrx_word' id='word_1_172' title='bbox 611 2499 669 2574; x_wconf 82' lang='grc' dir='ltr'><strong><em>καὶ</em></strong></span> <span class='ocrx_word' id='word_1_173' title='bbox 685 2490 916 2584; x_wconf 78' lang='grc' dir='ltr'><strong><em>Ἀλέξανδρος,</em></strong></span> <span class='ocrx_word' id='word_1_174' title='bbox 943 2498 998 2564; x_wconf 85' lang='grc' dir='ltr'><strong><em>καὶ</em></strong></span> <span class='ocrx_word' id='word_1_175' title='bbox 1025 2495 1076 2564; x_wconf 84' lang='grc' dir='ltr'><strong><em>ὅτι</em></strong></span> 
     </span>
     <span class='ocr_line' id='line_1_24' title="bbox 111 2593 1075 2685; baseline 0.001 -21"><span class='ocrx_word' id='word_1_176' title='bbox 111 2594 189 2664; x_wconf 77' lang='grc' dir='ltr'><strong><em>οὔτε</em></strong></span> <span class='ocrx_word' id='word_1_177' title='bbox 215 2596 323 2666; x_wconf 87' lang='grc' dir='ltr'><strong><em>δέοιτό</em></strong></span> <span class='ocrx_word' id='word_1_178' title='bbox 349 2624 409 2665; x_wconf 90' lang='grc' dir='ltr'><strong><em>του</em></strong></span> <span class='ocrx_word' id='word_1_179' title='bbox 435 2600 503 2665; x_wconf 88' lang='grc' dir='ltr'><strong><em>τῶν</em></strong></span> <span class='ocrx_word' id='word_1_180' title='bbox 529 2593 611 2682; x_wconf 87' lang='grc' dir='ltr'><strong><em>παρ’</em></strong></span> <span class='ocrx_word' id='word_1_181' title='bbox 632 2595 869 2685; x_wconf 75' lang='grc' dir='ltr'><strong><em>Ἀλεξάνδρου,</em></strong></span> <span class='ocrx_word' id='word_1_182' title='bbox 897 2602 984 2682; x_wconf 83' lang='grc' dir='ltr'><strong><em>ἔχειν</em></strong></span> <span class='ocrx_word' id='word_1_183' title='bbox 1009 2598 1075 2684; x_wconf 81' lang='grc' dir='ltr'><strong><em>γάρ</em></strong></span> 
     </span>
     <span class='ocr_line' id='line_1_25' title="bbox 110 2688 1075 2790; baseline 0 -24"><span class='ocrx_word' id='word_1_184' title='bbox 110 2701 148 2766; x_wconf 89' lang='grc' dir='ltr'><strong><em>οί</em></strong></span> <span class='ocrx_word' id='word_1_185' title='bbox 170 2688 210 2766; x_wconf 79' lang='grc' dir='ltr'><strong><em>εὖ</em></strong></span> <span class='ocrx_word' id='word_1_186' title='bbox 235 2695 276 2766; x_wconf 85' lang='grc' dir='ltr'><strong><em>τά</em></strong></span> <span class='ocrx_word' id='word_1_187' title='bbox 303 2697 467 2788; x_wconf 89' lang='grc' dir='ltr'><strong><em>παρόντα,</em></strong></span> <span class='ocrx_word' id='word_1_188' title='bbox 493 2698 550 2766; x_wconf 82' lang='grc' dir='ltr'><strong><em>καὶ</em></strong></span> <span class='ocrx_word' id='word_1_189' title='bbox 576 2694 646 2786; x_wconf 80' lang='grc' dir='ltr'><strong><em>ἅμα</em></strong></span> <span class='ocrx_word' id='word_1_190' title='bbox 671 2696 757 2786; x_wconf 80' lang='grc' dir='ltr'><strong><em>ὁρᾶν</em></strong></span> <span class='ocrx_word' id='word_1_191' title='bbox 782 2697 863 2777; x_wconf 78' lang='grc' dir='ltr'><strong><em>τούς</em></strong></span> <span class='ocrx_word' id='word_1_192' title='bbox 889 2697 953 2779; x_wconf 84' lang='grc' dir='ltr'><strong><em>ξδν</em></strong></span> <span class='ocrx_word' id='word_1_193' title='bbox 980 2696 1075 2790; x_wconf 76' lang='grc' dir='ltr'><strong><em>αὐτῷ</em></strong></span> 
     </span>
     <span class='ocr_line' id='line_1_26' title="bbox 67 2793 1074 2890; baseline 0 -22"><span class='ocrx_word' id='word_1_194' title='bbox 67 2819 98 2862; x_wconf 78' lang='lat'><strong><em>2⁵</em></strong></span> <span class='ocrx_word' id='word_1_195' title='bbox 112 2799 353 2888; x_wconf 81' lang='grc' dir='ltr'><strong><em>πλανωμένους</em></strong></span> <span class='ocrx_word' id='word_1_196' title='bbox 367 2797 533 2887; x_wconf 76' lang='grc' dir='ltr'><strong><em>τοσαύτην</em></strong></span> <span class='ocrx_word' id='word_1_197' title='bbox 546 2803 677 2887; x_wconf 79' lang='grc' dir='ltr'><strong><em>γῆνκαὶ</em></strong></span> <span class='ocrx_word' id='word_1_198' title='bbox 690 2798 869 2867; x_wconf 88' lang='grc' dir='ltr'><strong><em>θάλασσαν</em></strong></span> <span class='ocrx_word' id='word_1_199' title='bbox 884 2793 938 2866; x_wconf 80' lang='grc' dir='ltr'><strong><em>ἐπ’</em></strong></span> <span class='ocrx_word' id='word_1_200' title='bbox 953 2797 1074 2890; x_wconf 78' lang='grc' dir='ltr'><strong><em>άγαθῷ</em></strong></span> 
     </span>
     <span class='ocr_line' id='line_1_27' title="bbox 112 2894 1075 2988; baseline -0.001 -19"><span class='ocrx_word' id='word_1_201' title='bbox 112 2897 241 2988; x_wconf 78' lang='grc' dir='ltr'><strong><em>οὐδενί,</em></strong></span> <span class='ocrx_word' id='word_1_202' title='bbox 259 2899 344 2988; x_wconf 72' lang='grc' dir='ltr'><strong><em>μηδὲ</em></strong></span> <span class='ocrx_word' id='word_1_203' title='bbox 362 2903 465 2988; x_wconf 81' lang='grc' dir='ltr'><strong><em>πέρας</em></strong></span> <span class='ocrx_word' id='word_1_204' title='bbox 483 2927 513 2968; x_wconf 91' lang='grc' dir='ltr'><strong><em>τι</em></strong></span> <span class='ocrx_word' id='word_1_205' title='bbox 530 2894 647 2980; x_wconf 72' lang='grc' dir='ltr'><strong><em>αὐτοῖς</em></strong></span> <span class='ocrx_word' id='word_1_206' title='bbox 664 2896 845 2987; x_wconf 79' lang='grc' dir='ltr'><strong><em>γινόμενον</em></strong></span> <span class='ocrx_word' id='word_1_207' title='bbox 858 2902 926 2968; x_wconf 86' lang='grc' dir='ltr'><strong><em>τῶν</em></strong></span> <span class='ocrx_word' id='word_1_208' title='bbox 940 2903 1075 2968; x_wconf 88' lang='grc' dir='ltr'><strong><em>πολλῶν</em></strong></span> 
     </span>
     <span class='ocr_line' id='line_1_28' title="bbox 111 2992 1075 3091; baseline -0.001 -21"><span class='ocrx_word' id='word_1_209' title='bbox 111 3006 260 3071; x_wconf 91' lang='grc' dir='ltr'><strong><em>πλανῶν.</em></strong></span> <span class='ocrx_word' id='word_1_210' title='bbox 287 2997 361 3070; x_wconf 74' lang='grc' dir='ltr'><strong><em>οὔτ’</em></strong></span> <span class='ocrx_word' id='word_1_211' title='bbox 390 2992 453 3069; x_wconf 83' lang='grc' dir='ltr'><strong><em>οὖν</em></strong></span> <span class='ocrx_word' id='word_1_212' title='bbox 479 3010 601 3070; x_wconf 82' lang='grc' dir='ltr'><strong><em>ποθεῖν</em></strong></span> <span class='ocrx_word' id='word_1_213' title='bbox 626 3027 658 3070; x_wconf 90' lang='grc' dir='ltr'><strong><em>τι</em></strong></span> <span class='ocrx_word' id='word_1_214' title='bbox 682 3000 784 3080; x_wconf 80' lang='grc' dir='ltr'><strong><em>αὐτὸς</em></strong></span> <span class='ocrx_word' id='word_1_215' title='bbox 802 2997 882 3068; x_wconf 80' lang='grc' dir='ltr'><strong><em>ὅτου</em></strong></span> <span class='ocrx_word' id='word_1_216' title='bbox 900 2992 1075 3091; x_wconf 78' lang='grc' dir='ltr'><strong><em>κάριοςῆν</em></strong></span> 
     </span>
     <span class='ocr_line' id='line_1_29' title="bbox 108 3094 1074 3191; baseline -0.001 -18"><span class='ocrx_word' id='word_1_217' title='bbox 108 3098 326 3191; x_wconf 75' lang='grc' dir='ltr'><strong><em>Ἀλέξανδρος</em></strong></span> <span class='ocrx_word' id='word_1_218' title='bbox 344 3103 475 3187; x_wconf 80' lang='grc' dir='ltr'><strong><em>δοῦναι,</em></strong></span> <span class='ocrx_word' id='word_1_219' title='bbox 500 3099 572 3170; x_wconf 78' lang='grc' dir='ltr'><strong><em>οὔτ’</em></strong></span> <span class='ocrx_word' id='word_1_220' title='bbox 592 3094 637 3170; x_wconf 82' lang='grc' dir='ltr'><strong><em>αὖ</em></strong></span> <span class='ocrx_word' id='word_1_221' title='bbox 655 3101 810 3188; x_wconf 85' lang='grc' dir='ltr'><strong><em>δεδιέναι,</em></strong></span> <span class='ocrx_word' id='word_1_222' title='bbox 838 3099 918 3170; x_wconf 75' lang='grc' dir='ltr'><strong><em>ὅτου</em></strong></span> <span class='ocrx_word' id='word_1_223' title='bbox 936 3109 1074 3191; x_wconf 87' lang='grc' dir='ltr'><strong><em>κρατοίη</em></strong></span> 
     </span>
     <span class='ocr_line' id='line_1_30' title="bbox 112 3191 1110 3295; baseline -0.007 -23"><span class='ocrx_word' id='word_1_224' title='bbox 112 3206 250 3290; x_wconf 80' lang='grc' dir='ltr'><strong><em>ἐκεῖνος,</em></strong></span> <span class='ocrx_word' id='word_1_225' title='bbox 278 3210 369 3295; x_wconf 76' lang='grc' dir='ltr'><strong><em>έστιν</em></strong></span> <span class='ocrx_word' id='word_1_226' title='bbox 395 3191 436 3272; x_wconf 79' lang='grc' dir='ltr'><strong><em>οὗ</em></strong></span> <span class='ocrx_word' id='word_1_227' title='bbox 463 3212 649 3290; x_wconf 72' lang='grc' dir='ltr'><strong><em>εἴργεσθαι·</em></strong></span> <span class='ocrx_word' id='word_1_228' title='bbox 681 3205 776 3286; x_wconf 81' lang='grc' dir='ltr'><strong><em>ζῶντι</em></strong></span> <span class='ocrx_word' id='word_1_229' title='bbox 799 3201 861 3291; x_wconf 70' lang='grc' dir='ltr'><strong><em>μὲν</em></strong></span> <span class='ocrx_word' id='word_1_230' title='bbox 878 3201 944 3291; x_wconf 78' lang='grc' dir='ltr'><strong><em>γάρ</em></strong></span> <span class='ocrx_word' id='word_1_231' title='bbox 962 3207 999 3271; x_wconf 76' lang='grc' dir='ltr'><strong><em>οἱ</em></strong></span> <span class='ocrx_word' id='word_1_232' title='bbox 1012 3202 1110 3287; x_wconf 76' lang='grc' dir='ltr'><strong><em>τὴν4</em></strong></span> 
     </span>
     <span class='ocr_line' id='line_1_31' title="bbox 72 3301 1075 3392; baseline -0.004 -19"><span class='ocrx_word' id='word_1_233' title='bbox 72 3325 100 3366; x_wconf 77' lang='lat'><strong><em>³⁰</em></strong></span> <span class='ocrx_word' id='word_1_234' title='bbox 111 3303 230 3374; x_wconf 86' lang='grc' dir='ltr'><strong><em>Ἰνδῶν</em></strong></span> <span class='ocrx_word' id='word_1_235' title='bbox 257 3307 321 3390; x_wconf 80' lang='grc' dir='ltr'><strong><em>γῆν</em></strong></span> <span class='ocrx_word' id='word_1_236' title='bbox 340 3305 503 3391; x_wconf 82' lang='grc' dir='ltr'><strong><em>ἐξαρκεῖν,</em></strong></span> <span class='ocrx_word' id='word_1_237' title='bbox 531 3304 705 3392; x_wconf 83' lang='grc' dir='ltr'><strong><em>φέρουσαν</em></strong></span> <span class='ocrx_word' id='word_1_238' title='bbox 721 3302 762 3372; x_wconf 84' lang='grc' dir='ltr'><strong><em>τά</em></strong></span> <span class='ocrx_word' id='word_1_239' title='bbox 782 3302 906 3392; x_wconf 81' lang='grc' dir='ltr'><strong><em>ῶραῖα·</em></strong></span> <span class='ocrx_word' id='word_1_240' title='bbox 939 3301 1075 3372; x_wconf 85' lang='grc' dir='ltr'><strong><em>άποθα-</em></strong></span> 
     </span>
     <span class='ocr_line' id='line_1_32' title="bbox 110 3399 1074 3492; baseline -0.001 -18"><span class='ocrx_word' id='word_1_241' title='bbox 110 3404 216 3474; x_wconf 86' lang='grc' dir='ltr'><strong><em>νόντα</em></strong></span> <span class='ocrx_word' id='word_1_242' title='bbox 248 3403 286 3473; x_wconf 72' lang='grc' dir='ltr'><strong><em>δὲ</em></strong></span> <span class='ocrx_word' id='word_1_243' title='bbox 312 3399 608 3492; x_wconf 72' lang='grc' dir='ltr'><strong><em>ἀπαλλαγήσεσθαι</em></strong></span> <span class='ocrx_word' id='word_1_244' title='bbox 633 3402 697 3473; x_wconf 77' lang='grc' dir='ltr'><strong><em>οὐκ</em></strong></span> <span class='ocrx_word' id='word_1_245' title='bbox 725 3407 889 3484; x_wconf 76' lang='grc' dir='ltr'><strong><em>ἐπιεικοῦς</em></strong></span> <span class='ocrx_word' id='word_1_246' title='bbox 916 3405 1074 3484; x_wconf 87' lang='grc' dir='ltr'><strong><em>ξυνοίκου</em></strong></span> 
     </span>
    </p>
   </div>
   <div class='ocr_carea' id='block_1_3' title="bbox 110 3502 1076 3668">
    <p class='ocr_par' dir='ltr' id='par_1_3' title="bbox 110 3502 1076 3668">
     <span class='ocr_line' id='line_1_33' title="bbox 110 3502 1076 3596; baseline -0.003 -20"><span class='ocrx_word' id='word_1_247' title='bbox 110 3508 173 3576; x_wconf 81' lang='grc' dir='ltr'><strong><em>τοῦ</em></strong></span> <span class='ocrx_word' id='word_1_248' title='bbox 193 3503 353 3594; x_wconf 83' lang='grc' dir='ltr'><strong><em>σάματος.</em></strong></span> <span class='ocrx_word' id='word_1_249' title='bbox 393 3503 521 3576; x_wconf 75' lang='grc' dir='ltr'><strong><em>οὔκουν</em></strong></span> <span class='ocrx_word' id='word_1_250' title='bbox 539 3503 621 3574; x_wconf 67' lang='grc' dir='ltr'><strong><em>οὐδὲ</em></strong></span> <span class='ocrx_word' id='word_1_251' title='bbox 636 3502 856 3596; x_wconf 80' lang='grc' dir='ltr'><strong><em>Ἀλέξανδρον</em></strong></span> <span class='ocrx_word' id='word_1_252' title='bbox 875 3506 1076 3594; x_wconf 81' lang='grc' dir='ltr'><strong><em>ἐπιχειρῆσαι</em></strong></span> 
     </span>
     <span class='ocr_line' id='line_1_34' title="bbox 815 3614 865 3668; baseline 0 0"><span class='ocrx_word' id='word_1_253' title='bbox 815 3614 865 3668; x_wconf 71' lang='lat'><strong><em>19⁸</em></strong></span> 
     </span>
    </p>
   </div>
   <div class='ocr_carea' id='block_1_4' title="bbox 0 0 1306 3948">
    <p class='ocr_par' dir='ltr' id='par_1_4' title="bbox 0 0 1306 3948">
     <span class='ocr_line' id='line_1_35' title="bbox 0 0 1306 3948; baseline 0 0"><span class='ocrx_word' id='word_1_254' title='bbox 0 0 1306 3948; x_wconf 95' lang='lat' dir='ltr'><strong><em> </em></strong></span> 
     </span>
    </p>
   </div>
  </div>
 </body>
</html>
