2678 3950
498 246 681 300 ΔΝΔΒΑΣΙΣ
699 251 725 311 4,
743 250 783 302 ετ.
1060 243 1121 308 189

159 402 309 489 διανέμει
340 403 401 489 τήν
432 403 601 489 στρατιάν.
654 403 784 495 καὶτῷ
810 403 873 491 μὲν
907 405 959 472 ἐνὶ
987 403 1122 485 ἐπέταξε
1141 429 1172 478 10

159 503 355 575 Λεοννάτον
372 504 433 572 τὸν
452 503 743 592 σωματοφύλακα,
770 504 933 586 ξυντάξας
951 502 1044 596 αύτῷ
1061 505 1123 591 τήν

159 632 195 674 τε
211 603 371 674 Ἀττάλον
390 606 446 673 καὶ
465 605 526 693 τήν
543 605 723 694 Βαλάκρου
741 606 850 686 τάξιν·
877 603 939 692 τήν
959 607 1123 694 δευτέραν

160 705 199 777 δὲ
221 720 347 793 μοῖραν
364 712 565 799 Πτολεμαίῳ
590 712 639 798 τῷ
656 707 774 792 Λάγον
793 705 888 792 άγειν
912 711 1028 795 ἔδωκε,
1053 713 1123 776 τῶν

133 834 196 876 ετε
213 805 438 876 ὑπασπιστῶν
456 811 525 876 τῶν
548 813 731 896 βασιλικῶν
748 808 786 876 τδ
806 815 922 896 τρίτον
945 809 1046 896 μέρος
1067 808 1124 876 καὶ

160 909 223 994 τήν
238 914 411 978 Φιλίππου
430 909 486 978 καὶ
502 909 637 980 Φιλιότα
654 909 747 990 τάξιν
768 911 827 977 καὶ
851 908 915 978 δύο
940 917 1123 997 χιλιαρχίας

160 1016 230 1079 τῶν
259 1011 406 1090 τοξοτῶν
430 1012 487 1078 καὶ
513 1009 595 1090 τούς
618 1008 796 1098 Ἀγριᾶνας
819 1011 875 1077 καὶ
899 1012 969 1077 τῶν
994 1011 1124 1078 ἱππέων

160 1111 240 1191 τούς
263 1109 420 1198 ήμίσεοις·
445 1109 508 1199 τήν
526 1110 565 1180 δὲ
581 1119 699 1199 τρίτην
716 1125 839 1199 μοῖραν
853 1109 956 1189 αύτός
968 1102 1051 1198 ἦγεν
1067 1115 1124 1178 ἵνα

162 1217 200 1280 οἱ
221 1220 372 1280 πλεῖστοι
394 1217 463 1280 τῶν
485 1213 668 1300 βαρβάρων
692 1215 881 1299 ἐφαίνοντο.

124 1341 150 1382 ιο
244 1316 291 1382 Οἱ
298 1312 336 1380 δέ
350 1311 397 1392 ῶς
410 1313 562 1401 ᾔσθοντο
576 1313 809 1402 προσάγοντας
817 1313 897 1391 τούς
907 1312 1173 1400 Μακεδόνας,25

162 1430 320 1500 κατεῖχον
338 1406 404 1501 γάρ
422 1423 531 1503 χωρία
548 1412 739 1502 ὑπερδέξιοι,
766 1419 815 1506 τῷ
832 1440 868 1482 τε
885 1413 1009 1499 πλήθει
1025 1417 1125 1500 σφῶν

162 1517 397 1603 θαρσήσαντες
414 1518 472 1584 καὶ
489 1521 559 1584 τῶν
578 1515 803 1603 Μακεδόνων,
830 1513 881 1582 ότι
897 1512 1008 1600 ὀλίγοι
1025 1517 1119 1602 ἐφαί-

162 1641 275 1704 νοντο,
290 1618 606 1704 καταφρονήσαντες
622 1621 654 1696 ἐς
668 1617 707 1685 τὸ
722 1614 1123 1704 πεδίονύποκατέβησαν·

163 1719 220 1787 καλ
238 1718 327 1805 μάχη
352 1726 503 1804 γίγνεται
519 1718 672 1807 καρτερά.
717 1717 803 1786 ἀλλὰ
827 1717 969 1796 τούτους
995 1715 1057 1804 μὲν
1081 1714 1121 1785 ού

126 1817 229 1900 ιεξύν
255 1821 350 1911 πόνῳ
378 1822 473 1888 ἐνίκα
496 1816 729 1907 Ἀλέξανδρος·
757 1824 794 1888 οί
817 1818 855 1887 δέ
881 1815 968 1904 άμφὶ
995 1825 1158 1887 Πτολε-κ

164 1935 266 2009 μαῖον
284 1919 348 1989 ούκ
367 1923 404 1988 ἐν
421 1924 467 2012 τῷ
486 1919 603 2012 ὁμαλῷ
617 1921 855 2006 παρετάξαντο,
874 1918 960 1986 άλλδι
974 1919 1125 2005 γήλοφον

164 2023 231 2110 γάρ
248 2036 404 2108 κατεῖχον
421 2027 458 2092 οί
475 2023 652 2111 βάρβαροι,
678 2020 821 2110 ὀρθίους
845 2021 1021 2106 ποιήσας
1044 2019 1125 2099 τούς

165 2122 289 2209 λόχους
323 2131 534 2212 Πτολεμαῖος
561 2127 730 2211 προσῆγεν
753 2115 842 2211 ᾗπερ
875 2120 1126 2213 ἐπιμαχώτατον

164 2229 225 2292 τοῦ
245 2224 355 2311 λόφου
375 2228 544 2312 ἐφαίνετο,
563 2223 604 2294 ού
624 2223 731 2312 πάντη
748 2224 810 2292 τὸν
824 2221 933 2309 λόφον
947 2221 1125 2291 κυκλωσά-

126 2357 153 2397 ιο
166 2352 283 2413 μενος,
308 2324 383 2393 ἀλλ’
404 2324 591 2414 άπολιπιόν,
616 2334 649 2395 εί
665 2325 804 2412 φεύγειν
823 2326 971 2393 ἐθέλοιεν
989 2328 1026 2392 οί
1039 2323 1125 2410 βάρ-

165 2434 275 2516 βαροι,
302 2426 416 2514 χῶραν
440 2428 556 2508 αὐτοῖς
583 2431 616 2507 ές
639 2427 701 2514 τήν
727 2425 851 2513 φυγήν.
895 2427 953 2492 καὶ
976 2432 1159 2510 γίγνεται3

165 2529 222 2596 καὶ
239 2527 371 2607 τούτοις
389 2527 476 2616 μάχη
494 2528 639 2618 καρτερά
657 2530 718 2597 τοῦ
733 2535 859 2614 χωρίου
874 2530 915 2614 τῇ
929 2524 1126 2612 χαλεπότητι

166 2630 221 2697 καὶ
241 2628 291 2696 ότι
308 2623 349 2696 ου’
368 2630 452 2696 κατὰ
470 2630 551 2709 τούς
569 2627 693 2709 ἄλλους
706 2630 786 2708 τούς
805 2626 914 2716 ταύτῃ
931 2626 1126 2716 βαρβάρους

167 2735 203 2799 οἱ
215 2728 335 2816 Ἰνδοί,
361 2727 447 2798 άλλδι
466 2731 553 2799 πολύ
580 2730 623 2817 δή
646 2757 679 2798 τι
695 2728 914 2817 άλκιμύτατοι
933 2733 1002 2796 τῶν
1019 2748 1121 2815 προσ-

127 2860 153 2900 εε
167 2831 285 2918 χῶρων
310 2837 378 2900 εἰσί
400 2885 407 2900 .
453 2831 668 2918 ἐξεώσθησαν
694 2830 733 2900 δέ
759 2832 816 2898 καὶ
844 2821 938 2898 ούτοι
967 2827 1034 2896 ἀπό
1064 2830 1125 2896 τοῦ

168 2931 270 3020 όρονς
296 2929 365 3001 ύπό
392 2935 461 3002 τῶν
488 2933 717 3004 Μακεδόνων·
761 2933 819 3000 καὶ
846 2934 881 2998 οί
904 2929 991 3018 άμφὶ
1018 2939 1126 3001 Λεον·

166 3033 270 3102 νότον
287 3035 328 3121 τῇ
348 3039 442 3123 τρίτη
466 3042 570 3124 μοίρᾳ
587 3035 646 3121 τῆς
670 3036 824 3122 στρατιάς
843 3029 1004 3110 ῶσαύτως
1022 3037 1126 3118 ἐπρα-

168 3135 243 3215 ξαυ·
273 3139 395 3204 ἐνίκων
420 3133 487 3222 γάρ
513 3138 570 3203 καὶ
598 3126 692 3204 οὗτοι
716 3135 797 3214 τούς
823 3134 907 3201 κατὰ
932 3134 1031 3221 σφᾶς.
1070 3133 1159 3200 καὶλ

168 3236 257 3322 λέγει
289 3243 497 3324 Πτολεμαῖος
529 3235 735 3322 ἀνθρώπους
761 3234 824 3322 μέν
850 3237 1023 3321 ληφθῆναι
1047 3231 1128 3312 τούς

130 3338 296 3416 ωπάντας
321 3333 411 3424 ύτιέρ
435 3345 746 3428 τετρακισμυρίους,
772 3338 863 3423 βοῶν
890 3333 929 3402 δὲ
953 3333 1043 3420 ύπέρ
1068 3331 1129 3413 τάς

167 3453 258 3525 τρεῖς
284 3437 341 3505 καὶ
367 3447 472 3506 είκοσι
496 3439 679 3526 μυριάδας·
720 3438 778 3505 καὶ
803 3435 934 3504 τούτων
960 3435 1019 3514 τάς
1045 3441 1128 3501 καλ·

169 3545 283 3619 λίστας
312 3538 543 3628 ἐπιλεξάμενον
565 3536 809 3626 Ἀλέξανδρον,
836 3535 885 3606 ότι
909 3535 1129 3624 διαφέρουσαι
