2678 3950
219 241 281 302 190
577 237 827 298 εεεειειαεοτ

218 391 312 484 αύτῷ
344 395 459 464 κάλλει
493 422 528 464 τε
559 397 617 464 καὶ
648 397 784 484 μεγέθει
816 398 995 483 ἐφαίνοντο
1002 449 1013 485 ,
1052 397 1182 485 πέμψαι

220 497 349 565 ἐθέλειν
375 498 409 576 ἐς
434 501 654 567 Μακεδονίαν
681 497 877 585 ἐργάζεσθαι
901 499 963 584 τὴν
988 496 1109 587 χῶραν.

185 618 202 668 σ
293 592 473 667 Ἐντεῦθεν
492 597 547 666 ἐπὶ
564 599 625 686 τὴν
642 601 712 667 τῶν
726 597 942 686 Ἀσσακηνῶν
959 598 1072 687 χῶραν
1082 591 1178 686 ἦγεν·

218 697 361 778 τούτους
377 695 444 785 γάρ
460 697 673 784 ἐξηγγέλλετο
693 699 965 787 παρεσκευάσθαι
984 699 1030 780 ῶς
1049 727 1179 788 μαχου-

219 800 362 888 μένους,
391 801 511 878 ίππέας
528 798 591 887 μὲν
610 803 644 880 ἐς
666 805 867 890 δισμυρίους
886 807 1034 888 ἔχοντας,
1060 802 1207 884 πεζοδςε

219 899 257 969 δὲ
274 899 363 988 άπερ
380 898 462 981 τούς
478 908 710 990 τρισμυρίους,
732 901 910 990 τριάκοντα
929 901 968 970 δὲ
986 903 1178 990 ἐλέφαντας.

219 1001 389 1090 Κράτερός
406 1001 537 1090 μὲνδὴ,
557 1001 774 1091 ἐκτετειχικῶς
791 1001 856 1091 ἤδη
873 1001 936 1089 τῇν
954 1003 1052 1072 πόλιν
1072 999 1127 1090 ἐφ’
1138 994 1179 1090 ἧς

218 1108 267 1194 τῷ
287 1109 429 1194 οίιιισμςῶ
448 1103 690 1191 κατελέλειπτο,
713 1102 794 1184 τούς
810 1131 847 1174 τε
869 1103 1057 1193 βαρύτερον
1074 1103 1179 1172 ῶπλι-

220 1203 364 1292 σμένους
381 1211 440 1293 τῆς
458 1207 614 1294 στρατιᾶς
627 1203 838 1292 Ἀλεξάνδρα
858 1197 942 1292 ἦγεν
960 1206 1017 1273 καὶ
1036 1204 1097 1285 τάς
1113 1233 1179 1293 μη-

58 1342 62 1353 r
186 1304 336 1391 σχανάς,
360 1315 395 1375 εἰ
408 1331 474 1376 που
494 1311 688 1393 πολιορκίας
713 1304 868 1392 δεήσειεν.
910 1303 1013 1385 αύτδς
1032 1305 1175 1378 δέἈλέ-
1192 1333 1219 1372 ιι

219 1407 374 1496 ξανδρος,
400 1406 481 1486 τούς
504 1433 540 1475 τε
568 1409 719 1495 ἑταίρους
748 1408 869 1487 ίππέας
893 1404 986 1493 ἄγων
1014 1408 1072 1476 καὶ
1097 1406 1179 1488 τούς

222 1506 479 1586 ἱππακοντιστάς
497 1508 554 1575 καὶ
567 1505 630 1594 τῇυ
649 1513 779 1576 Κοίνου
798 1509 856 1577 καὶ
879 1508 1179 1596 Πολυσπέρχοντος

219 1607 311 1691 τάξιν
334 1609 391 1676 καὶ
415 1609 496 1687 τούς
513 1606 690 1696 Ἀγριᾶνας
715 1611 785 1678 καλ
811 1607 911 1688 τούς
937 1608 1091 1690 ψιλούς
1121 1611 1178 1678 καὶ

219 1711 301 1789 τούς
327 1709 482 1796 τοξότας,
508 1707 561 1797 ᾔει
588 1704 633 1791 ῶς
662 1712 717 1779 ἐπὶ
743 1708 825 1790 τούς
847 1708 1091 1797 Ἀσσακηνούς·
1118 1703 1179 1797 ἦγε

186 1831 201 1879 ι
220 1809 259 1878 δέ
278 1807 332 1878 διά
349 1815 409 1896 τῆς
425 1817 601 1898 Γουραίων
625 1810 746 1901 χῶρας.
787 1812 844 1879 καὶ
867 1811 927 1880 τόν
945 1810 1098 1899 ποταμόν
1115 1811 1176 1880 τόν
1190 1840 1215 1880 ιε

221 1909 401 1998 ἐπῶνυμον
426 1913 483 1998 τῆς
504 1912 614 2000 χῶρας
631 1913 692 1980 τόν
712 1921 882 1999 Γουραῖον
903 1917 1055 1998 χαλεπῶς
1075 1915 1179 2000 διέβη,

221 2008 275 2079 διὰ
300 2011 477 2100 βαθύτητά
508 2039 544 2081 τε
577 2014 634 2082 καὶ
667 2010 718 2081 ὅτι
750 2010 830 2094 όξός
861 2011 880 2082 ό
907 2015 990 2101 ῥοῦς
1015 2005 1059 2100 ἦν
1085 2012 1178 2105 αὐτῶ

221 2113 278 2180 καὶ
293 2117 330 2182 οί
340 2120 430 2182 λίθοι
444 2113 644 2201 στρογγύλοι
658 2117 696 2181 ἐν
712 2117 760 2204 τῷ
779 2119 919 2204 ποταμῷ
938 2112 1032 2194 ὄντες
1050 2122 1176 2200 σφαλε-

222 2213 276 2303 ροὶ
301 2229 372 2294 τοῖς
397 2217 625 2300 ἐπιβαίνουσιν
653 2217 836 2301 ἐγίγνοντο.
893 2220 930 2283 οί
953 2213 991 2284 δὲ
1015 2214 1179 2304 βάρβαροι

222 2313 267 2396 ῶς
293 2313 506 2405 προσάγοντα
532 2312 681 2404 ᾔσθοντο
704 2315 942 2404 Ἀλέξανδρον,
968 2313 1091 2404 άθρόοι
1116 2315 1179 2404 μὲν
1192 2344 1219 2385 ιο

222 2420 256 2496 ἐς
279 2417 388 2505 μάχην
412 2421 615 2504 καταστῆναι
640 2415 705 2486 ούκ
732 2416 933 2504 ἐτόλμησαν·
962 2417 1180 2496 διαλυθέντες

221 2517 259 2587 δέ
282 2516 326 2598 ῶς
355 2521 486 2588 ἕκαστοι
510 2516 593 2586 κατά
623 2517 736 2598 πόλεις
756 2517 879 2598 ταύτας
902 2516 1067 2588 ἐπενόουν
1093 2515 1181 2587 άπο-

220 2619 402 2706 μαχόμενοι
428 2618 608 2702 διασύζειν.

171 2724 211 2788 26
298 2722 367 2788 Καὶ
382 2715 597 2809 Ἀλέξανδρος
621 2723 737 2808 πρῶτα
760 2719 823 2807 μὲν
847 2721 902 2789 ἐπὶ
921 2720 1092 2806 Μάσσαγα
1109 2711 1179 2806 ᾔγε,

224 2822 285 2908 τὴν
302 2827 461 2908 μεγίστην
478 2823 545 2888 τῶν
562 2819 669 2909 ταύτῃ
694 2819 836 2890 πόλεων.
878 2819 923 2900 ῶς
949 2819 987 2890 δέ
1011 2827 1180 2909 προσῆγεν
1193 2847 1219 2887 τε

222 2921 285 3010 ἤδη
313 2935 383 3000 τοῖς
414 2929 554 3009 τείχεσι,
591 2921 823 3010 θαρρήσαντες
854 2927 890 2990 οί
915 2919 1081 3010 βάρβαροι
1109 2917 1180 3001 τοῖς

222 3021 446 3112 μισθοφόροις
472 3037 543 3102 τοῖς
570 3024 605 3090 έκ
631 3025 700 3091 τῶν
724 3023 838 3111 πρόσω
852 3020 983 3111 Ἰνδῶν,
1010 3015 1096 3110 ἦσαν
1113 3023 1180 3111 γὰρ

222 3114 315 3193 οὗτοι
349 3125 382 3203 ές
411 3125 693 3210 ἑπτακισχιλίους,
734 3123 778 3203 ῶς
811 3125 1180 3212 στρατοπεδευομένους

222 3224 314 3296 εἶδον
340 3223 420 3304 τοδς
438 3224 658 3311 Μακεδόνας,
685 3224 799 3316 δρόμῳ
827 3221 880 3293 ἐπ’
909 3223 1036 3304 αύτούς
1063 3223 1178 3314 ᾔεσαν.

189 3343 205 3391 2
222 3328 278 3396 καὶ
294 3324 512 3413 Ἀλέξανδρος
532 3325 617 3395 ἰδῶν
631 3332 773 3414 πλησίον
792 3327 850 3411 τῆς
868 3323 997 3406 πόλεως
1019 3327 1180 3413 ἐσομένην
1194 3351 1217 3392 ιι

221 3427 283 3516 τὴν
300 3427 423 3515 μάχην,
450 3429 649 3516 προσωτέρω
675 3427 917 3495 ἐκκαλέσασθαι
941 3425 1068 3504 αύτούς
1095 3433 1180 3513 βον-

223 3531 339 3617 ληθελς
356 3534 424 3599 τῶν
441 3531 576 3616 τειχῶν,
602 3526 647 3606 ῶς
665 3534 698 3596 εί
713 3526 818 3616 τροπὴ
835 3532 997 3614 γίγνοιτο,
1021 3528 1181 3622 ἐγίνωσκε
