2650 3948
488 257 674 310 ιειεεεικ
692 257 717 324 1,
734 260 759 310 ι.
776 260 801 312 ε.
1101 255 1124 322 5

162 395 243 478 τοάς
278 396 506 486 σφενδονήτας
539 398 784 487 προεκθέοντας
820 398 995 468 ἐκέλευσεν
1029 401 1122 468 έκτο-

163 498 272 582 ξεόειν
289 527 325 569 τε
341 501 398 568 καὶ
415 504 607 587 σφενδονᾶν
625 503 659 580 ἐς
675 497 755 580 τοάς
772 498 981 589 βαρβάρους,
1006 511 1039 570 εί
1053 526 1123 581 πως

163 600 401 689 προκαλέσαιτο
419 598 545 681 αότοάς
563 603 595 681 ές
611 599 653 669 τά
679 599 761 684 ψιλά
785 604 821 670 ἐκ
838 606 899 670 τοῦ
916 600 1056 682 νάπους.
1091 605 1157 671 οίσ

164 702 203 772 δὲ
220 695 266 783 τός
285 699 379 782 έυτός
396 702 517 790 βέλους
535 703 708 789 ἐγίνοντο,
726 700 899 791 παιόμενοι
916 703 1050 786 ἐξέθεον
1069 703 1124 772 έπὶ

11 800 16 808 '
125 801 244 885 ετοδς
268 802 422 889 τοξότας,
452 797 542 884 ὅπως
569 805 603 883 ές
624 818 737 893 χεῖρας
763 806 957 892 ξυμμίξειαν
983 819 1125 893 γυμνοῖς

164 896 241 974 οὖσι
271 918 341 984 τοῖς
365 903 521 986 τοξόταις.
559 901 773 995 Ἀλέξανδρος
801 904 841 974 δὲ
864 899 909 985 ὥς
935 903 1125 994 προήγαγεν

165 1003 291 1086 αότοάς
310 1008 347 1074 ἐκ
362 1007 420 1090 τῆς
438 1004 547 1092 νάπης
565 1007 639 1091 ἔξω,
663 1005 817 1076 Φιλώταν
833 1006 897 1094 μὲν
914 1005 1125 1094 ἀναλαβόντα

164 1105 243 1187 τούς
263 1109 299 1176 ἐκ
316 1111 373 1194 τής
397 1105 533 1176 άνοιθεν
550 1111 766 1188 Μακεδονίας
790 1108 909 1187 ἱππέας
926 1108 1126 1198 προσέταξεν
1214 1197 1215 1200 ¹

167 1207 343 1297 ἐμβάλλειν
366 1205 451 1276 κατά
468 1206 505 1276 τό
530 1208 630 1297 κέρας
654 1205 692 1276 τό
718 1207 845 1295 δεξιόν,
873 1201 961 1298 ᾗπερ
987 1209 1126 1298 μάλιστα

128 1335 153 1374 ιο
166 1305 489 1398 προύκεχωρήκεσαν
503 1311 539 1377 έν
551 1314 593 1399 τῇ
608 1311 754 1399 ἐκδρομή
764 1328 771 1342 ·
783 1302 1006 1398 Ἡρακλείδην
1019 1309 1057 1379 δέ
1069 1310 1126 1380 καὶ

167 1409 326 1481 Σάπολιν
338 1408 418 1490 τούς
433 1412 468 1478 ἐκ
477 1416 649 1490 Βοττιαίας
658 1411 759 1480 τεκαὶ
769 1405 995 1499 Ἀμφιπόλεως
1005 1413 1126 1492 ίπιτέας

166 1509 249 1580 κατά
279 1509 317 1580 τό
349 1508 527 1600 εόιόνυμον
556 1512 654 1599 κέρας
685 1511 820 1599 έπάγειν
850 1514 952 1593 ἔταξε.
995 1510 1057 1598 τήν
1088 1511 1160 1582 δὲθ

167 1612 324 1701 φάλαγγα
347 1617 416 1680 τῶν
439 1618 546 1696 πεζόν
569 1613 627 1681 καὶ
649 1610 711 1700 τήν
735 1612 842 1702 άλλην
858 1617 963 1682 ίππον
985 1613 1050 1702 πρό
1068 1620 1127 1701 τῆς

167 1713 338 1802 φάλαγγος
355 1719 557 1803 παρατείνας
579 1713 663 1782 κατά
688 1715 810 1802 μέσους
834 1717 946 1801 ἐπῆγε.
980 1715 1036 1782 καὶ
1055 1720 1128 1784 ἔστε

130 1839 155 1880 ιι
166 1816 230 1904 μέν
246 1812 485 1904 ἀκροβολισμός
498 1811 573 1902 παρ’
595 1816 758 1903 ἑκατέρων
774 1809 817 1903 ήν
834 1821 870 1885 οί
890 1817 1068 1904 Τριβαλλοὶ
1085 1814 1126 1885 οά

167 1931 263 2006 μεῖον
282 1913 388 2004 είχου·
415 1913 460 1995 ὥς
478 1914 516 1984 δὲ
532 1915 557 2003 ή
572 1943 608 1985 τε
625 1915 755 2004 φάλαγξ
773 1915 884 2004 πυκνή
904 1917 1081 2004 ἐνέβαλλεν
1094 1920 1128 1998 ἐς

168 2013 295 2098 αότοάς
315 2017 509 2105 ἐρρωμένως
526 2019 583 2086 καὶ
600 2023 636 2086 οί
654 2022 766 2098 ίππεῐς
783 2015 846 2088 οὐκ
863 2015 1051 2110 ἀκοντισμῷ
1070 2025 1128 2107 ἔτι,

168 2113 239 2188 άλλ’
270 2117 384 2198 αὐτοῖς
414 2132 484 2199 τοῖς
514 2123 626 2200 ίπποις
654 2114 825 2200 ω’θοῦντες
851 2117 936 2209 άλλη
960 2120 1016 2188 καὶ
1042 2119 1128 2210 άλλη

168 2221 409 2310 προσέπιπτον,
435 2217 510 2288 τότε
532 2216 574 2307 δή
594 2219 782 2308 ἐτράπησαν
799 2219 854 2289 διά
871 2227 931 2289 τοῦ
949 2220 1078 2300 νάπους
1097 2224 1129 2299 ές

131 2349 156 2391 ιο
169 2321 231 2391 τόν
243 2321 402 2410 ποταμόν.
433 2320 489 2388 καί
502 2318 755 2409 ἀποθνήσκουσι
771 2321 835 2410 μὲν
850 2327 1023 2410 τρισχίλιοι
1037 2325 1073 2390 ἐν
1086 2329 1127 2412 τῇ
1145 2335 1162 2387 τ

169 2427 281 2512 φυγή,
304 2427 423 2505 ζῶντες
441 2420 479 2490 δὲ
496 2419 603 2509 ὀλίγοι
620 2421 823 2491 καὶτούτων
842 2421 1054 2509 ἐλήφθησαν,
1078 2421 1129 2492 ὅτι

167 2521 233 2611 άλη
250 2551 286 2592 τε
303 2528 422 2591 δασεῖα
439 2521 503 2612 πρὸ
520 2527 582 2592 τοῦ
596 2528 746 2611 ποταμοῦ
763 2516 807 2612 ήν
823 2523 879 2591 καί
896 2521 958 2605 νάξ
978 2525 1128 2610 ἐπιγενο-

169 2627 252 2713 μένη
269 2622 331 2712 τήν
348 2621 520 2713 άκρίβειαν
536 2630 593 2710 τής
619 2624 763 2706 διάξεως
780 2623 934 2713 άφείλετο
950 2623 1031 2705 τούς
1048 2635 1129 2696 Μα-

168 2724 318 2806 ιιεδόνας.
338 2721 452 2794 αὐτῶν
465 2723 503 2794 δὲ
514 2725 725 2796 Μακεδόνων
737 2728 929 2813 τελευτῆσαι
937 2725 1025 2812 λέγει
1037 2737 1129 2797 Πτο-

132 2850 158 2891 ει
171 2834 305 2915 λεμαίος
332 2826 451 2905 ίππέας
477 2825 540 2914 μὲν
566 2829 703 2913 ἕνδεκα,
730 2825 847 2910 πεζοάς
873 2825 911 2896 δὲ
938 2822 1024 2915 άμφὶ
1049 2826 1130 2908 τούς

168 2925 426 3016 τεσσαράκοντα.
514 2936 517 2944 ’

243 3025 323 3098 'And
348 3027 386 3096 δὲ
402 3031 461 3115 τής
479 3027 584 3116 μάχης
601 3043 745 3117 τριταῖος
771 3025 958 3116 ἀφικνεῖται
973 3024 1122 3112 Ἀλεξαν-
1150 3040 1171 3107 3

170 3134 250 3218 δρος
277 3129 331 3198 έπλ
356 3126 418 3197 τόν
443 3128 594 3217 ποταμόν
619 3127 679 3198 τόν
696 3125 846 3219 Ἴστρου,
877 3136 1035 3218 ποταμῶν
1061 3137 1130 3201 τῶν

169 3229 252 3298 ιιατά
275 3227 337 3317 τήν
355 3224 524 3320 Εόράπην
540 3231 696 3318 μέγιστον
719 3229 800 3299 ὄντα
816 3230 874 3299 καὶ
890 3238 1049 3320 πλείστην
1066 3238 1131 3320 γῆν

131 3357 157 3399 ιο
171 3329 392 3419 ἐπερχόμενον
417 3331 474 3400 καί
499 3337 584 3419 ἔθνη
609 3330 821 3420 μαχιμώτατα
848 3329 1062 3422 άπείργοντα,
1088 3332 1129 3401 τά

169 3433 232 3521 μέν
258 3430 365 3501 πολλά
391 3431 553 3518 Κελτικά,
588 3431 671 3501 ὅθεν
696 3459 735 3519 γε
760 3433 818 3500 καὶ
844 3437 883 3502 αί
906 3435 1010 3520 πηγαί
1036 3430 1163 3526 αότηῑε

169 3530 382 3621 ἀνίσχουσιν,
409 3525 457 3601 άν
479 3540 690 3614 τελευταίους
711 3532 890 3614 Κουάδους
913 3535 970 3602 καί
989 3544 1129 3622 Μαρκο-
