2590 3948
226 234 289 300 310
573 230 823 290 ιιεΞιΝιΡοτ

191 391 450 483 εἈλέΕανδρου.
494 383 543 462 ὧν
560 396 596 462 οἱ
615 391 655 460 τά
674 388 849 460 άτάσθαλα
867 390 1127 480 ἀναγράψαντες
1156 393 1196 458 οί

225 497 286 583 μὲν
313 498 346 575 ἐς
372 495 499 582 κόσμον
525 494 640 581 φέρειν
666 519 722 580 μοι
739 498 899 562 δοκοῦσιν
917 495 1077 580 οἰηθῆναι
1092 492 1191 561 Ἀλε-

226 597 359 688 ξάνδρῳ
387 595 449 664 ὅσα
475 590 712 682 ύπὲραλγήσας
739 589 916 682 ἐδρασενῆ
937 593 1032 664 εἶπεν
1059 595 1116 662 ἐπὶ
1141 598 1189 684 τῷ
1270 665 1271 692 η

227 697 362 766 πάντων
389 698 430 784 δη
449 694 642 782 ἀνθρώπων
659 694 822 787 φιλτάτῳ·
855 700 892 764 οί
907 695 946 764 δὲ
966 698 998 775 ἐς
1016 695 1190 782 αίσχύνην
1270 693 1271 716 ἶ

225 797 354 886 μᾶλλόν
380 825 410 866 τι
437 797 481 878 ύς
507 795 549 865 ού
577 797 747 883 πρέποντα
774 795 847 866 οὔτ’
877 788 941 864 οὖν
958 804 1091 885 βασιλεῖ
1107 793 1190 863 οὔτε
1215 822 1228 861 ε

222 898 441 990 Ἀλεξάνδρῳ,
455 903 491 966 οἱ
500 899 573 985 μέν,
587 897 623 966 τὸ
636 897 723 966 πολύ
736 899 836 984 μέρος
848 901 906 985 τῆς
921 897 1046 986 ἡμέρας
1057 899 1190 984 ἐκείνης

227 1001 426 1088 ἐρριμμένον
445 1001 499 1068 ἐπὶ
517 1002 579 1067 τού
598 997 748 1086 σώματος
765 1003 827 1067 τού
847 1000 983 1087 ἑταίρου
997 997 1191 1087 ὀδύρεσθαι

226 1101 302 1170 οὐδ’
334 1101 463 1170 ἐθέλειν
489 1098 734 1187 ἀπαλλαγῆναι,
760 1105 842 1188 πρίν
867 1126 905 1186 γε
931 1098 974 1187 δὴ
1001 1099 1087 1189 πρὸς
1104 1105 1190 1187 βίαν

192 1219 209 1268 4
226 1202 397 1292 ἀπηνέχθη
424 1199 507 1290 πρός
523 1205 592 1270 τῶν
611 1202 769 1289 ἑταίραν·
807 1206 842 1270 ολ
858 1203 906 1287 δέ,
923 1201 986 1288 τήν
1002 1228 1039 1269 τε
1056 1200 1190 1288 ἡμέραν

226 1303 307 1392 ὅλην
332 1304 388 1372 καὶ
414 1302 476 1391 τὴν
492 1301 599 1372 νύκτα
617 1298 700 1388 ὅλην
723 1305 884 1390 ἐρρῖφθαι
901 1304 956 1372 ἐπὶ
973 1304 1020 1392 τῷ
1040 1301 1188 1388 σάματι·
1203 1333 1225 1370 ιι

225 1411 262 1474 οί
285 1405 323 1474 δὲ
349 1412 418 1492 καί,
443 1403 504 1473 τόν
532 1400 646 1492 ίατρδν
665 1411 836 1474 Γλαυκίαν
862 1401 912 1472 ὅτι
931 1403 1102 1492 ἐκρέμασε,
1132 1405 1191 1472 καὶ

224 1511 345 1576 τοῦτον
372 1504 416 1586 ὥς
444 1505 498 1575 ἐπὶ
524 1503 691 1595 φαρμάκῳ
715 1507 825 1584 κακῶς
843 1504 990 1592 δοθέντι,
1017 1509 1053 1573 οί
1068 1507 1120 1591 δέ,
1141 1502 1192 1573 ότι

227 1619 322 1678 οίνου
349 1612 514 1696 περιεῖδεν
542 1607 775 1693 ἐμπλησθέντα
800 1609 942 1692 θεωρῶν
969 1603 1087 1684 αὐτός·
1132 1609 1191 1674 καὶ

226 1717 403 1795 κείρασθαι
416 1708 636 1793 Ἀλέξανδρον
655 1708 710 1775 ἐπὶ
726 1710 773 1798 τῷ
791 1710 898 1798 νεκρῷ
917 1705 980 1794 τὴν
997 1706 1121 1793 κόμην,
1147 1707 1191 1774 τά

225 1837 261 1878 τε
287 1809 372 1877 ἄλλα
396 1807 459 1878 ούκ
477 1807 632 1877 ἀπεικότα
657 1815 792 1896 τίθεμαι
817 1810 873 1877 καὶ
900 1805 982 1876 κατά
1009 1799 1109 1893 ζῆλον
1129 1808 1225 1876 τδνιι

222 1907 409 1996 Ἀχιλλέως,
436 1908 519 1997 πρὸς
546 1909 661 1976 ὅντινα
688 1911 724 1978 ἐκ
750 1909 867 1990 παιδὸς
894 1916 1063 1997 φιλοτιμία
1091 1909 1189 2001 αύτῷ

194 2002 284 2098 δῆν·
325 2015 361 2078 οί
384 2010 422 2078 δέ
447 2017 517 2097 καί,
542 2010 580 2078 τό
607 2007 697 2096 ἅρμα
716 2009 772 2097 ἐφ’
792 2008 858 2102 ότῳ
876 2012 913 2078 τό
933 2013 1029 2098 σῶμα
1048 2011 1190 2097 ἐφέρετο

226 2109 289 2180 ὅτι
315 2109 416 2191 αύτδς
444 2117 532 2180 ἐστιν
557 2108 612 2178 ὅτε
634 2109 768 2198 ἡνιόχει,
786 2118 885 2180 τοῦτο
912 2110 1043 2198 οὐδαμῆ
1066 2111 1191 2180 πιστόν

228 2219 336 2302 ἔμοιγε
362 2215 529 2299 λέγοντες·
562 2209 654 2280 ἄλλοι
680 2212 728 2299 δέ,
755 2211 807 2282 ότι
833 2214 888 2280 καὶ
906 2217 968 2281 τού
982 2211 1190 2300 Ἀσκληπιοῦ

177 2381 179 2386 .
226 2314 264 2384 τό
292 2318 367 2395 ἕδος
395 2318 431 2384 ἐν
446 2313 655 2402 Ἐκβατάνοις
681 2312 890 2394 κατασκάψαι
909 2316 1072 2400 ἐκέλευσε,
1100 2321 1227 2404 βαρ-ιι

226 2417 365 2505 βαρικδν
377 2416 477 2486 τοῦτό
486 2442 536 2502 με,
550 2415 606 2482 καὶ
616 2410 747 2502 ούδαμῆ
758 2412 966 2506 Ἀλεξάνδρῳ
976 2415 1192 2502 πρόσφορον,

228 2517 313 2586 άλλδι
330 2521 371 2607 τῇ
386 2519 512 2602 Ξέρξου
530 2515 659 2604 μᾶλλόν
676 2543 706 2584 τι
723 2515 912 2606 άτασθαλίῳ
930 2522 973 2604 τῇ
989 2519 1021 2596 ἐς
1034 2514 1073 2584 τό
1088 2527 1192 2586 θεῖον

226 2621 282 2688 καὶ
308 2633 381 2699 ταῖς
407 2620 522 2697 πέδαις
548 2614 587 2696 ἃς
613 2619 767 2702 λέγουσιν
793 2625 842 2697 είς
867 2617 928 2686 τόν
943 2615 1193 2702 Ἑλλήσποντον

226 2730 380 2788 καθεῖναι
409 2721 545 2806 Ξέρξην,
573 2717 823 2807 τιμωρούμενον
849 2722 954 2805 δῆθεν
971 2717 1031 2787 τόν
1046 2717 1193 2806 Ἑλλήσ-

194 2842 360 2889 6ποντον.
410 2818 493 2888 ἄλλά
521 2821 628 2888 ἐκεῖνο
661 2819 702 2888 ού
730 2820 837 2908 πάντη
873 2820 934 2898 ἔξω
967 2822 1028 2888 τοῦ
1056 2820 1192 2900 εἰκότος
1206 2847 1230 2888 25

228 2920 483 3008 ἀναγεγράφθαι
499 2946 554 3006 μοι
567 2924 671 3009 δοκεῖ,
690 2920 735 3002 άς
752 2924 806 2990 ἐπὶ
820 2925 1025 3009 Βαβυλῶνος
1038 2918 1194 3008 ἤλαυνεν

225 3020 453 3112 Ἀλέξανδρος,
482 3024 633 3108 ἐντυχεῖν
659 3021 752 3114 αύτῷ
778 3022 861 3090 κατά
879 3021 941 3108 την
959 3019 1042 3090 ὁδόν
1060 3023 1193 3102 πολλάς

229 3131 406 3214 πρεσβείας
425 3118 492 3192 άπὸ
517 3126 574 3209 τῆς
590 3121 756 3208 Ἑλλάδος,
775 3121 862 3194 εἶναι
879 3124 917 3192 δέ
936 3123 977 3210 δὴ
998 3127 1034 3192 ἐν
1052 3123 1192 3204 τούτοις

229 3230 285 3296 καὶ
296 3223 518 3314 Ἐπιδαυρίων
530 3224 696 3310 πρέσβεις·
716 3225 773 3292 καὶ
786 3225 927 3304 τούτους
942 3217 990 3292 τόν
1003 3251 1037 3292 τε
1051 3225 1192 3294 ἐδέοντο

231 3331 263 3408 ἐξ
287 3324 509 3413 Ἀλεξάνδρου
532 3337 647 3408 τυχεῖν
673 3325 729 3392 καὶ
746 3323 905 3414 ἀνάθημα
930 3329 1049 3394 δοῦναι
1066 3320 1193 3406 αύτοίς
1208 3359 1234 3398 ιο

227 3421 444 3512 Ἀλέξανδρον
470 3430 613 3509 κομιξειν
639 3429 685 3516 τῷ
707 3423 904 3518 Ἀσκληπιῷ,
933 3426 1111 3495 ἐπειπόντα
1139 3427 1196 3496 ὅτι

229 3533 364 3594 καίτοι
390 3525 453 3594 ούκ
472 3527 620 3602 ἐπιεικῶς
638 3528 796 3614 κέχρηταί
811 3555 866 3613 μοι
883 3528 901 3597 ὁ
917 3526 1125 3616 Ἀσκληπιός,
1147 3530 1192 3599 ού
