2664 3946
217 255 259 321 78
567 251 817 314 ΔΛΕΞΑΝΔΡΟΤ

217 403 383 486 Κυπρίων
414 403 562 484 βασιλεῖς
585 397 642 465 καὶ
666 393 765 464 αὐτοὶ
789 393 1039 484 Αὐτοφραδάτῃ
1070 393 1169 476 ξυνέ-

181 507 328 568 Θπλεον.
369 497 532 587 Στράτων
555 497 594 567 δέ
615 496 823 587 Ἀλεξάνδρῳ
843 499 992 582 ἐντυχδν
1010 509 1173 583 στεφανοῖ

215 603 331 690 χρυσῷ
356 599 511 690 στεφάνῳ
535 597 659 686 αὐτόν,
691 599 748 666 καὶ
772 597 833 686 τήν
856 624 892 666 τε
904 596 1051 685 ’Ἀρυδον
1076 594 1168 686 αὐτῷ

215 701 278 788 τὴν
307 703 413 788 νῆσον
440 701 497 768 κοιλ
520 700 582 788 τὴν
607 699 778 787 Μάραθον
800 698 862 785 τὴν
884 696 1085 786 καταντικρύ
1110 699 1169 783 τῆς

212 800 357 891 Ἀράδου
385 805 422 871 έν
445 804 486 890 τῇ
510 799 640 891 ἠπείρῳ
665 799 850 892 ᾠκισμένην
874 799 990 887 πόλιν,
1020 797 1168 886 μεγάλην
1193 827 1207 870 ι

215 905 273 972 καὶ
291 901 495 990 εὐδαίμονα,
520 903 577 970 καὶ
596 905 733 989 Σιγῶνα
755 903 813 968 καὶ
837 900 1045 988 Μαριάμμην
1070 899 1169 968 πόλιν

215 1006 273 1072 καὶ
290 995 396 1072 τᾶλλα
413 1001 475 1072 ὅσα
493 1005 553 1090 τῆς
570 1006 667 1090 σφῶν
687 1005 895 1091 ἐπικρατείας
915 1004 1100 1070 ἐνδίδωσιν.

168 1111 208 1175 14
280 1101 353 1174 Ἔτι
370 1103 407 1172 δὲ
426 1107 463 1174 έν
476 1105 636 1195 Μαράθῳ
649 1103 870 1192 Ἀλεξάνδρου
889 1099 986 1182 ὄντος
1005 1101 1168 1189 ἀφίκοντο

215 1205 306 1294 παρὰ
331 1213 480 1294 Δαρείου
511 1207 682 1294 πρέσβεις,
716 1203 892 1290 ἐπιστολήν
920 1229 956 1274 τε
980 1209 1168 1290 κομίζοντες

215 1314 366 1396 Δαρείου
384 1309 441 1375 καὶ
459 1305 557 1375 αὐτοὶ
576 1305 643 1373 ἀπὸ
661 1304 813 1393 γλώσσης
827 1303 1020 1392 δεησόμενοι
1031 1302 1167 1391 ἀφεῖναι
1181 1333 1205 1374 ιο

215 1414 352 1500 Δαρείῳ
365 1410 426 1496 τὴν
439 1409 563 1496 μητέρα
576 1408 633 1474 καὶ
647 1407 708 1493 τὴν
721 1421 867 1492 γυναῖκα
875 1407 932 1478 καὶ
941 1405 1022 1485 τούς
1033 1409 1166 1483 παῖδας.

181 1519 198 1569 2
217 1509 337 1596 ἐδήλου
356 1508 431 1595 δέη
451 1507 622 1594 ἐπιστολή,
647 1505 697 1576 ὅτι
716 1515 873 1598 Φιλίππῳ
889 1533 925 1576 τε
942 1507 1028 1595 πρὸς
1048 1505 1167 1594 Ἀρτα-

215 1611 332 1698 ξέρξην
362 1617 458 1696 φιλία
486 1611 543 1676 καὶ
574 1617 745 1696 συμμαχία
777 1610 921 1695 ἐγένετο.
967 1609 1024 1676 καὶ
1056 1606 1167 1693 ἐπειδὴ

205 1709 330 1799 Ἀρσης
347 1709 366 1777 ὁ
384 1709 462 1789 υίὸς
482 1708 697 1798 Ἀρταξέρξου
717 1713 949 1798 ἐβασίλευσεν,
974 1707 1024 1776 ὅτι
1042 1715 1166 1800 Φίλιπ·

215 1836 277 1892 πος
300 1811 430 1890 ἀδικίας
454 1815 585 1899 πρῶτος
604 1814 637 1890 ές
653 1813 790 1898 βασιλέα
801 1810 930 1898 ’Ἀρσην
946 1801 1044 1898 ἦρξεν
1063 1807 1166 1877 οὐδὲν
1179 1837 1205 1878 ιι

215 1910 314 2000 ἀχαρι
332 1915 368 1981 έκ
386 1915 528 2000 Περσῶν
545 1911 676 1980 παθάν.
717 1913 750 1992 ἐξ
769 1901 810 1980 οὗ
824 1911 862 1980 δέ
879 1910 982 1991 αὐτὸς
998 1909 1166 1998 βασιλεύει

215 2015 377 2102 Περσῶν,
401 2011 479 2082 οὔτε
496 2011 712 2100 πέμψαι-τινά
727 2011 946 2102 Ἀλέξανδρον
964 2011 1037 2100 παρ’
1058 2010 1165 2079 αὐτὸν

216 2105 250 2194 ές
267 2121 447 2204 βεβαίωσιν
462 2117 521 2200 τῆς
538 2114 641 2182 πάλαι
658 2111 759 2202 οὔσης
777 2122 890 2202 φιλίας
908 2141 944 2182 τε
960 2115 1017 2182 καὶ
1031 2133 1164 2200 συμμα-

214 2223 308 2304 χίας,
339 2217 497 2304 διαβῆναί
520 2241 556 2282 τε
579 2215 643 2296 ξάν
665 2218 802 2304 στρατιᾷ
829 2219 862 2294 ἐς
885 2215 947 2301 τὴν
968 2213 1084 2284 Ἀσίαν
1107 2215 1165 2282 καὶ

180 2317 322 2386 ὓπολλά
358 2317 443 2385 κακοὶ
481 2315 686 2402 ἐργάσασθαι
716 2318 859 2405 Πέρσας.
907 2315 1029 2385 τοάτου
1066 2317 1164 2384 ἕνεκα
1177 2345 1203 2386 ιο

213 2421 396 2506 καταβῆναι
419 2415 522 2496 ου’τός
545 2419 587 2504 τῇ
613 2416 706 2506 χοίρῳ
730 2415 871 2504 ἀμυνῶν
893 2419 950 2485 καὶ
972 2417 1035 2503 τὴν
1057 2415 1165 2505 ἀρχὴν

212 2521 275 2605 τὴν
289 2517 447 2611 πατρῴαν
461 2516 656 2586 ἀνασώσων.
687 2517 748 2605 τὴν
761 2517 823 2605 μὲν
837 2519 879 2604 δὴ
892 2518 1002 2606 μάχην
1016 2516 1061 2597 ὦς
1073 2520 1165 2586 θεῶν

213 2645 261 2710 τῳ
280 2621 409 2708 ἔδοξεν,
427 2616 516 2688 οὕτω
533 2621 698 2708 κριθῆναι·
726 2618 827 2698 αὐτὸς
845 2619 883 2688 δὲ
900 2619 1057 2708 βασιλεὺς
1074 2618 1165 2707 παρὰ

213 2721 374 2810 βασιλέως
397 2719 545 2807 γυναῖκά
568 2746 604 2786 τε
625 2719 687 2807 τὴν
710 2719 816 2788 αὑτοῦ
841 2727 950 2790 αἰτεῖν
967 2722 1024 2789 καὶ
1041 2721 1165 2807 μητέρα

213 2822 271 2890 καὶ
294 2827 416 2900 παῖδας
439 2821 520 2900 τοδς
538 2818 694 2907 ἀλόντας,
711 2822 768 2889 καὶ
786 2828 902 2908 φιλίαν
922 2823 1049 2890 ἐθέλειν
1067 2821 1163 2908 ποιή-
1176 2847 1203 2891 ιε

213 2931 337 2992 σασθοιι
358 2923 443 3012 πρὸς
464 2921 683 3010 Ἀλέξανδρον
700 2923 757 2990 καὶ
775 2920 945 3010 ξύμμαχος
963 2921 1049 2990 εἶναι
1070 2922 1163 2992 Ἀλε-

214 3023 362 3114 ξάνδρῳ·
389 3025 446 3092 καὶ
468 3021 557 3110 ὑπὲρ
588 3023 719 3090 τούτων
736 3023 876 3110 πέμπειν
892 3024 987 3110 ἠξίου
1009 3023 1164 3105 Ἀλέξαν-

214 3129 296 3212 δρον
314 3122 388 3213 παρ’
414 3122 522 3193 αὑτὸν
540 3122 603 3204 ξδν
620 3131 783 3214 Μενίσκῳ
803 3126 911 3192 τεκαὶ
930 3123 1072 3214 Ἀρσίμᾳ
1094 3139 1164 3202 τοῖς

214 3223 366 3310 ἀγγέλοις
401 3241 472 3305 τοῖς
504 3229 540 3294 ἐκ
570 3229 712 3313 Περσῶν
739 3223 859 3312 ἥκουσι
887 3227 967 3304 τοδς
996 3226 1036 3294 τά
1066 3225 1164 3294 πιστά

213 3327 424 3414 ληψομένους
441 3352 476 3395 τε
493 3327 550 3394 καί
567 3325 655 3415 ὑπὲρ
670 3323 891 3414 Ἀλεξάνδρου
908 3326 1087 3406 δώσοντας.
1177 3353 1203 3396 ιο

182 3434 200 3483 ⁴
293 3427 386 3516 Πρὸς
408 3429 515 3496 ταῦτα
544 3425 740 3515 ἀντιγράφει
758 3425 974 3517 Ἀλέξανδρος
997 3429 1054 3496 καὶ
1080 3428 1164 3514 ξυμ-

215 3529 336 3618 πέμπει
371 3544 442 3609 τοϊς
479 3529 569 3618 παρά
601 3536 750 3617 Δαρείου
790 3531 926 3598 ἐλθοῦσι
961 3530 1166 3620 Θέρσιππον,
