2664 3946
477 269 660 322 ικιειειε
677 273 702 329 ε.
722 272 762 322 ιι.
1063 268 1106 334 ης

146 416 377 499 παραγγείλας
400 409 462 496 τὴν
481 410 657 496 ἐπιστολὴν
675 413 795 479 δοῦναι
813 416 968 503 Δαρείῳ,
998 410 1105 480 αὑτὸν

147 510 187 580 δδ
215 511 261 599 μὴ
292 512 505 598 διαλέγεσθαι
533 509 622 600 ὑπὲρ
646 511 797 599 μηδενός.
840 511 925 598 ἡδέ
950 513 1104 600 ἐπιστολὴ

142 611 367 701 Ἀλεξάνδρου
386 603 452 682 ὑδε
470 618 549 698 ἔχει.
580 617 627 682 Ol
636 611 790 701 ὑμέτεροι
803 612 964 699 πρόγονοι
982 613 1103 684 ἐλθόν-

148 739 203 793 τες
239 719 288 792 είς
317 719 538 783 Μακεδονίαν
575 714 632 782 καλ
662 721 710 792 είς
738 713 801 799 τὴν
830 712 936 802 ἄλλην
963 713 1105 784 Ἑλλάδα

103 839 119 879 ε
149 817 259 894 κακῶς
279 817 439 903 ἐποίησαν
456 813 542 901 ἡμᾶς
560 812 663 883 οὐδὲν
679 816 945 903 προηδικημένοι’
983 815 1047 902 ἐγοδ
1067 813 1105 883 δέ

148 918 220 984 τῶν
253 913 422 1002 Ἑλλήνων
457 915 592 1002 ἡγεμών
621 918 842 995 κατασταθείς
872 918 929 985 καλ
959 915 1101 1005 τιμωρή-

149 1025 274 1085 σασθαι
295 1015 501 1104 βουλόμενος
525 1017 659 1104 Πέρσας
683 1018 797 1104 διέβην
821 1023 870 1096 είς
893 1017 956 1103 τὴν
976 1015 1104 1104 Ἀσίαν,

149 1115 375 1207 ὑπαρξάντων
388 1115 496 1205 ὑμῶν.
523 1119 581 1186 καλ
594 1117 660 1207 γάρ
675 1124 870 1204 Περινθίοις
889 1118 1105 1206 ἐβοηθήσατε,
1122 1132 1139 1183 ο

150 1225 188 1288 οδ
206 1219 268 1286 τόν
294 1218 376 1306 ε’μὸν
400 1219 526 1306 πατέρα
543 1217 705 1306 ἠδίκουν,
733 1218 791 1286 καὶ
809 1225 857 1296 είς
878 1219 1033 1308 Θράκην,
1064 1210 1105 1305 ἧς

109 1345 137 1385 ιο
149 1319 247 1407 ἡμεῖς
259 1317 415 1407 ἤρχομεν,
434 1319 580 1406 δύναμιν
601 1326 746 1407 ἐπεμψεν
762 1309 880 1405 Ὦχος.
910 1322 972 1388 τοῦ
986 1319 1025 1390 δδ
1038 1345 1103 1389 πα-

149 1419 229 1509 τρδς
246 1419 480 1498 ἀποθανόντος
496 1419 565 1488 ὑπὸ
592 1425 662 1488 τῶν
689 1418 1019 1508 ἐπιβουλευσάντων,
1045 1417 1106 1500 οὑς

149 1519 249 1608 ὑμεῖς
267 1519 478 1607 συνετάξατε,
497 1520 542 1601 ὥς
559 1521 657 1590 αύτολ
676 1525 713 1591 ἐν
726 1536 800 1601 ταῖς
815 1524 1004 1601 ἐπιστολαῖς
1021 1521 1106 1609 πρὸς

150 1619 302 1702 ἅπαντας
340 1621 565 1710 ἐκομπάσατε,
601 1624 659 1691 καί
684 1621 812 1711 ’Ἄρσην
847 1621 1106 1702 άποκτείναντός

152 1743 216 1793 σου
238 1723 319 1811 μετά
337 1723 499 1810 Βαγαίου,
529 1723 587 1791 καλ
610 1722 673 1810 τὴν
697 1722 804 1810 άρχὴν
821 1723 1046 1810 κατασχόντος
1063 1721 1104 1792 ού

113 1851 139 1893 ιι
152 1830 289 1904 δικαίως
313 1823 394 1894 οὑδὲ
417 1823 502 1892 κατά
526 1823 587 1892 τδν
605 1827 749 1913 Περσῶν
771 1823 897 1912 νόμον,
927 1823 1012 1894 ἀλλά
1030 1823 1105 1894 άδι-

151 1929 294 2006 κοῦντος
307 1927 453 2014 Πέρσας,
471 1926 528 1994 καὶ
542 1922 631 2013 ὑπὲρ
651 1928 732 2013 ἐμοῦ
751 1925 835 2014 πρὸς
851 1923 1106 2015 τοὺςἝλληνας

151 2027 330 2115 γράμματα
354 2026 418 2096 οὑκ
441 2026 606 2114 ἐπιτήδεια
624 2029 833 2114 πέμποντος,
856 2024 947 2106 ὅπως
965 2027 1049 2116 πρός
1066 2054 1106 2115 με
1123 2042 1140 2092 ο

152 2133 338 2216 πολεμῶσι,
364 2130 423 2197 καὶ
445 2127 596 2214 χρήματα
613 2126 876 2212 ἀποστέλλοντος
895 2127 978 2216 πρδς
996 2138 1104 2198 Λακε-

152 2233 349 2317 δαιμονίους
378 2231 435 2297 καλ
464 2227 588 2308 ἄλλους
616 2229 709 2308 τινάς
737 2231 806 2296 τῶν
832 2227 1018 2316 Ἑλλήνων,
1050 2230 1106 2297 καί

114 2358 140 2398 ιο
152 2332 221 2398 τῶν
240 2330 302 2417 μέν
319 2329 431 2400 ἄλλων
448 2329 580 2398 πόλεων
600 2329 757 2417 οὐδεμιᾶς
775 2331 972 2417 δεχομένης,
996 2338 1106 2400 Λακε-

153 2437 337 2519 δαιμονίων
360 2431 397 2500 δέ
419 2430 613 2519 λαβόντων,
639 2433 697 2500 καλ
714 2433 785 2498 τόν
802 2431 893 2517 παρά
912 2433 975 2498 σού
994 2454 1106 2518 πεμφ-

152 2533 285 2601 θέντων
307 2532 389 2611 τούς
414 2533 515 2619 ἐμούς
539 2538 661 2618 φίλους
684 2530 953 2619 διαφθειράντων
970 2532 1027 2599 καλ
1044 2531 1107 2617 τὴν

153 2632 291 2721 εἰρήνην
313 2629 356 2720 ἣν
379 2648 450 2712 τοῖς
463 2631 599 2720 Ἕλλησι
619 2631 846 2701 κατεσκεύασα
864 2630 1015 2701 διαλύειν
1035 2634 1106 2702 ἐπι-

154 2733 357 2823 χειρούντων
382 2733 584 2823 ἐστράτευσα
610 2735 665 2803 ἐπί
683 2732 720 2802 σέ
737 2731 950 2821 ὑπάρξαντος
968 2737 1030 2802 σού
1048 2735 1106 2820 τῆς

116 2861 142 2903 ιι
156 2841 287 2924 ἔχθρας.
316 2835 427 2922 ἐπειδὴ
445 2834 482 2903 δέ
499 2833 588 2923 μάχη
602 2842 761 2922 νενίκηκα
773 2833 937 2923 πρότερον
950 2834 1013 2921 μέν
1025 2834 1106 2912 τοὺς
1123 2847 1139 2898 ῖ

154 2936 237 3016 σοὺς
260 2936 466 3024 στρατηγούς
494 2935 551 3002 καί
584 2935 776 3020 σατράπας,
809 2935 877 3000 νύν
911 2930 950 3000 δὲ
984 2930 1021 3000 σὲ
1048 2936 1105 3002 καὶ

153 3036 215 3122 τὴν
237 3037 319 3124 μετά
343 3039 405 3105 σού
429 3036 575 3123 δύναμιν
583 3087 593 3122 ,
623 3037 680 3104 καλ
703 3035 765 3123 τὴν
788 3035 902 3124 χάραν
926 3041 1008 3123 ἔχω,
1037 3039 1106 3102 τόν

152 3139 245 3207 θεῶν
257 3164 313 3226 μοι
325 3137 467 3224 δόντων,
485 3133 556 3205 όσοι
568 3137 636 3205 τῶν
648 3137 729 3224 μετὰ
745 3139 807 3204 σού
821 3136 1106 3226 παραταξαμένων

153 3238 199 3326 μὴ
218 3242 255 3308 ἐν
272 3242 313 3328 τῇ
332 3238 422 3326 μάχη
436 3236 623 3324 ἀπέθανον,
641 3237 724 3306 άλλοὶ
740 3235 812 3325 παρ’
831 3236 887 3324 ἐμὲ
900 3238 1105 3325 κατέφυγον,

118 3365 142 3407 ιο
153 3339 284 3408 τούτων
303 3342 495 3427 ἐπιμέλομαι
511 3340 569 3407 καὶ
587 3337 650 3407 οὑκ
667 3337 804 3417 ἄκοντες
822 3335 896 3426 παρ’
917 3341 993 3425 ἐμοί
1008 3344 1104 3423 είσιν,

154 3441 240 3509 άλλδι
263 3439 361 3509 αύτολ
386 3441 517 3519 ἑκόντες
535 3437 814 3526 ξυστρατεύονται
836 3435 901 3526 μετ’
922 3440 1014 3525 ἐμοῦ.
1057 3435 1138 3516 οὑςε

155 3531 217 3611 οὑν
237 3544 318 3629 ἐμοῦ
336 3545 394 3629 τῆς
414 3541 525 3620 Ἀσίας
543 3539 675 3626 άπάσης
692 3545 814 3627 κυρίου
833 3537 929 3618 ὄντος
947 3528 1005 3626 ἧκε
1021 3537 1104 3626 πρὸς
