2678 3950
228 245 292 311 226
581 241 831 305 unt-:Amor

230 433 318 492 νειο,
346 402 421 475 ἀλλ’
451 404 575 486 ἄλλους
600 431 636 474 τε
664 407 701 474 έν
726 406 818 493 μέρει
846 410 970 491 έπεμπε
996 406 1053 474 καλ
1073 402 1116 490 δὴ
1133 405 1190 472 καὶ

232 507 374 596 Μερόην
391 505 500 594 ἄνδρα
515 505 638 595 Ἰνδόν,
656 505 706 574 ότι
720 513 823 595 φίλον
837 504 923 574 εἶναι
937 508 973 574 έκ
987 511 1131 574 παλαιοῦ
1144 511 1191 596 τῷ

232 607 346 700 Πόρῳ
367 607 429 676 τόν
456 608 599 696 Μερόην
634 613 747 696 ἔμαθε.
776 609 896 693 Πῶρος
914 605 953 675 δέ
980 605 1025 686 ῶς
1042 605 1083 676 τὰ
1101 606 1192 694 παρὰ

232 712 293 778 τοῦ
314 708 454 798 Μερόου
481 707 605 796 ἤκουσε
631 709 689 776 καὶ
716 712 752 777 έκ
778 711 837 776 τοῦ
865 713 988 788 δίψους
1005 705 1074 796 ἅμα
1093 711 1192 793 έκρα·

233 826 337 899 τείτο,
371 811 532 898 ἐπέστησέ
554 837 590 879 τε
615 809 676 878 τὸν
710 809 874 896 ἐλέφαντα
899 810 957 877 καί
983 811 1104 897 κατέβη
1130 803 1220 888 ίπ’ς

233 911 357 980 αὐτοῦ·
390 909 436 991 ῶς
462 911 501 980 δέ
529 911 602 980 ἔπιέ
624 910 741 980 τεκαὶ
768 908 949 998 ῦνέψυξεν,
975 908 1068 996 ἄγειν
1085 908 1193 978 αῦτὸν

234 1017 368 1102 σπονδῇ
397 1013 571 1083 ἐκέλευσεν
597 1009 677 1098 παρ’
702 1009 933 1101 Ἀλέξανδρον

186 1115 223 1178 19
311 1116 379 1184 Καὶ
406 1113 424 1181 ὁ
450 1113 514 1201 μὲν
539 1109 656 1200 ἥχετο·
692 1110 909 1200 Ἀλέξανδρος
942 1111 982 1181 δέ
1014 1110 1059 1193 ῶς
1086 1133 1192 1200 προσ·

233 1214 359 1301 α’χοντα
387 1215 544 1302 ἐπείθετο,
571 1213 800 1302 προιππεόσας
827 1213 892 1305 πρὸ
911 1216 969 1301 τῆς
987 1214 1110 1295 τάξεως
1129 1213 1193 1294 ξῦν

233 1314 359 1402 ὀλίγοις
383 1318 451 1384 τῶν
477 1317 618 1403 ἑταίρων
644 1312 776 1405 ἆπαντᾷ
803 1318 850 1406 τῷ
876 1314 1004 1407 Πῶρςο·
1039 1318 1095 1384 καὶ
1122 1318 1192 1384 έπι-
1207 1353 1236 1392 10

233 1417 358 1504 στήσας
383 1416 443 1485 τὸν
470 1421 575 1486 ἵππον
600 1415 638 1490 τό
663 1442 699 1485 τε
714 1416 858 1503 μέγεθος
878 1417 1078 1504 έδαῦμαζεν,
1104 1415 1193 1504 ῦπὲρ

233 1520 333 1588 πέντε
350 1518 464 1604 πήχεις
482 1517 625 1604 μάλιστα
643 1519 843 1606 ξυμβαῖνον,
860 1518 918 1586 καὶ
934 1517 972 1586 τό
991 1517 1113 1598 κάλλος
1130 1522 1193 1586 τοῦ

234 1619 360 1709 Πῶρον
387 1619 443 1686 καί
469 1617 519 1686 ὅτι
544 1616 585 1686 οῦ
613 1621 864 1706 δεδουλωμένος
890 1621 932 1707 τῇ
956 1619 1075 1707 μνῶμη
1095 1621 1193 1707 έφαί-

233 1747 327 1808 νετο,
360 1717 436 1788 ἀλλ’
467 1718 579 1807 ῶσπερ
605 1715 649 1788 ι’ίν
676 1717 763 1808 ἀνὴρ
790 1718 920 1806 ἀγαθός
945 1718 1046 1809 ολνδρλ
1073 1719 1193 1810 ἀγαθῶ

201 1847 216 1894 2
235 1822 418 1909 προσέλθοι
442 1817 531 1908 ῦπέρ
556 1827 725 1906 βασιλείας
751 1825 810 1908 τῆς
829 1819 935 1889 αῦτοῦ
955 1819 1039 1911 πρός
1057 1822 1194 1909 βασιλέα
1207 1853 1234 1894 ιε

234 1921 338 1990 ἄλλον
370 1925 480 2002 καλῶς
512 1917 750 2010 ἠγωνισμένος.
786 1928 870 1992 ἔνθα
903 1919 944 2008 δὴ
974 1920 1192 2011 Ἀλέξανδρος

234 2027 365 2109 πρῶτος
393 2021 583 2113 προσειπῶν
610 2022 716 2092 αῦτόν
743 2025 852 2110 λέγειν
879 2024 1053 2093 ἐκέλευσεν
1071 2021 1089 2091 ό
1106 2050 1137 2091 τι
1160 2027 1197 2092 οί

234 2126 393 2211 γενέσθαι
420 2125 538 2194 ἐθέλοι.
591 2127 716 2213 Πῶρον
743 2123 781 2193 δὲ
806 2122 1055 2213 ἀποκρίνασθαι
1081 2124 1192 2212 λόγος,

234 2223 285 2294 ότι
302 2227 480 2314 βασιλικῶς
504 2251 559 2312 μοι
584 2228 714 2315 χρῆσαι,
741 2217 988 2318 ῶἈλέξανδρε.
1027 2227 1084 2295 καὶ
1099 2223 1192 2295 Ἀλέ-

235 2329 377 2417 ξανδρος
402 2320 520 2415 ἡσθεὶς
546 2331 593 2418 τῷ
621 2326 723 2420 λόγῳ,
749 2332 847 2394 τοῦτο
873 2326 935 2415 μὲν
962 2333 1052 2396 ἔσται
1076 2349 1138 2413 σοι,
1166 2319 1192 2395 ῶ
1206 2361 1234 2400 ιο

199 2433 346 2518 οΠῶρε,
375 2435 450 2517 ἔφη,
479 2431 560 2516 ἐμοῦ
589 2430 703 2497 ἕνεκα·
738 2426 781 2496 σῦ
809 2425 849 2496 δέ
867 2433 994 2498 σαυτοῦ
1013 2431 1110 2498 ἕνεκα
1127 2427 1147 2496 ὅ
1163 2455 1195 2497 τι

234 2533 288 2600 σοὶ
307 2538 409 2619 φίλον
427 2529 534 2611 οἷξίον.
568 2527 587 2598 ό
606 2529 643 2598 δὲ
661 2528 772 2598 πάντα
792 2535 856 2617 ἔφη
876 2529 1039 2623 ἐντούτῳ
1059 2533 1192 2599 ἐνεῖναι.

235 2633 292 2701 καὶ
316 2630 534 2720 Ἀλέξανδρος
556 2629 666 2722 τοότςο
687 2636 734 2699 ἔτι
753 2633 881 2719 μᾶλλον
900 2633 948 2722 τῶ
968 2631 1058 2722 λόγῳ
1077 2629 1193 2718 ἡσθεὶς

235 2734 296 2820 τήν
319 2760 355 2801 τε
371 2729 479 2820 ἀρχὴν
496 2734 543 2822 τῷ
563 2731 676 2823 Πῶρςο
692 2734 762 2800 τῶν
779 2758 815 2802 τε
832 2729 939 2800 αὑτοῦ
954 2730 1072 2802 Ἰνδῶν
1092 2736 1194 2800 ἔδωκε

236 2834 291 2902 καὶ
317 2830 423 2921 ἄλλην
448 2838 494 2902 ἔτι
519 2831 634 2919 χῶραν
660 2834 746 2921 πρὸς
767 2835 808 2921 τῇ
829 2833 931 2901 πάλαι
948 2831 1034 2922 οόση
1054 2840 1194 2902 πλείονα
1207 2865 1234 2904 νε

225 2939 293 3022 ,τῆς
312 2933 462 3023 πρόσθεν
480 2934 684 3022 προσέθηκε·
711 2935 768 3002 καί
794 2931 900 3014 οὕτως
925 2933 1028 3014 αὐτός
1045 2961 1081 3002 τε
1098 2941 1194 3020 βασι·

238 3040 335 3114 λικῶς
362 3033 562 3124 κεχρημένος
588 3025 631 3121 ἦν
658 3032 759 3123 ἀνδρί
785 3031 905 3127 ἀγαθῶ
932 3037 988 3103 καί
1017 3039 1133 3127 ἐκείνῳ
1159 3037 1195 3104 έκ

239 3135 359 3204 τοῦτον
387 3137 421 3216 ές
447 3133 581 3204 ἅπαντα
606 3139 711 3228 πιστῷ
732 3134 901 3224 ἐχρήσατο.
927 3140 1028 3205 τοῦτο
1045 3135 1089 3205 τό
1101 3137 1195 3216 τέλος

236 3239 277 3326 τῇ
297 3235 386 3325 μόχη
405 3239 448 3324 τῇ
466 3236 550 3322 πρὸς
564 3236 690 3324 Πῶρόν
706 3263 742 3306 τε
759 3238 817 3305 καὶ
833 3237 914 3316 τοῦς
934 3235 985 3306 ἐπ’
1007 3239 1118 3308 ἐκεῖνα
1135 3239 1195 3306 τοῦ

233 3336 402 3408 Ὑδάσπου
430 3341 579 3425 ποταμοῦ
603 3336 735 3418 Ἰνδοῦς
749 3336 955 3430 Ἀλεξάνδρῳ
983 3339 1112 3425 ἐγένετο
1140 3337 1193 3408 ἐπ’
1208 3369 1236 3409 ιο

236 3437 398 3531 ἄρχοντος
409 3435 600 3527 Ἀθηναίοις
618 3437 798 3528 Ἡγεμόνος
815 3439 919 3527 μηνός
937 3445 1194 3528 Μουνυχιῶνος.

201 3572 217 3622 ι
305 3539 378 3612 Ἵνα
403 3539 441 3610 δὲ
457 3537 478 3628 ἡ
497 3540 585 3628 μοίχη
603 3541 725 3632 ξυνέβη
744 3542 801 3609 καί
819 3545 920 3611 ἔνθεν
938 3540 1099 3632 ὁρμηθείς
1118 3541 1196 3610 έπέ-
1303 3533 1318 3918 ⁴
