2678 3950
482 245 664 296 mnan:
682 248 711 307 ι,
729 250 753 298 ε.
772 249 797 297 ε.
1053 245 1113 311 207

157 399 215 468 καὶ
234 405 382 474 Κιλίκονν
398 405 464 488 γῆν
482 407 583 470 ἔνθεν
609 400 671 489 μὲν
698 400 744 482 ολς
762 403 795 481 ἐς
810 401 989 491 Ἀρμενίαν
1007 403 1115 492 παρη·

157 515 247 569 κειν·
300 500 367 570 άπὸ
406 500 439 570 δ’
469 500 654 590 Ἀρμενίων
688 501 733 582 ιδς
766 504 822 572 ἐπὶ
854 507 993 591 Μηδίαν
1025 505 1116 593 παρά

157 609 381 688 Παρθυαίους
395 605 501 672 τεκαὶ
516 609 754 694 Χορασμίους·
779 605 863 672 κατά
876 603 914 673 δὲ
927 613 1115 695 Βακτρίους
1132 624 1148 672 3

157 702 358 790 ξυμβάλλειν
384 708 432 794 τῷ
451 712 686 794 Παραπαμίσῳ
713 701 791 795 ὅρει,
819 701 838 772 ὅ
865 705 906 791 δὴ
931 704 1116 776 Καύκασον

117 831 131 871 ε
159 803 305 873 ἐκάλουν
318 808 356 872 ολ
366 803 575 896 Ἀλεξάνδρῳ
589 805 892 892 ξυστρατεύσαντες
907 807 1114 893 Μακεδόνες,

159 900 204 984 είς
229 905 292 993 μὲν
318 904 446 992 λέγεται
471 905 513 973 τά
536 905 757 994 Ἀλεξάνδρου
790 903 962 996 αὔξοντες,
995 905 1046 975 ὅτι
1072 908 1113 996 δη

157 1007 215 1074 καὶ
248 1005 301 1074 ἐπ’
336 1008 447 1076 ἐκεῖνα
479 1004 544 1095 ὅρα
574 1010 635 1075 τοῦ
663 1005 848 1076 Καυκάσου
884 1009 1018 1096 κρατῶν
1043 1022 1115 1088 τοῖς
1201 1043 1205 1052 ·

157 1103 272 1186 ὅπλοις
297 1097 404 1194 ἦλθεν
426 1105 658 1196 Ἀλέξανδρος·
701 1106 806 1196 τυχὸν
832 1106 870 1176 δὲ
896 1110 953 1177 καλ
979 1108 1115 1196 ξυνεχὲς

156 1208 315 1294 τυγχάνει
341 1205 381 1276 ὅν
406 1211 508 1278 τοῦτο
533 1207 572 1278 τό
590 1207 668 1299 ὅρος
693 1209 740 1299 τῷ
766 1205 858 1299 ἄλλῳ
883 1212 930 1300 τῷ
951 1213 1114 1300 Σκυθικῷ

119 1339 144 1379 ιο
158 1309 342 1402 Καυκάσῳ,
374 1309 528 1398 καθάπερ
560 1299 623 1378 οῦν
655 1307 748 1400 αὐτῷ
782 1309 891 1400 τοάτφ
917 1307 936 1377 δ
969 1313 1113 1401 Ταῦρος·

157 1411 214 1480 καί
242 1412 315 1498 ἐμοὶ
341 1408 436 1503 αὐτῷ
463 1409 628 1500 πρότερόν
660 1435 741 1479 ποτε
767 1410 822 1479 ἐπὶ
854 1413 941 1500 τῷδε
966 1411 1115 1480 λίλεκται

158 1509 338 1591 Καύκασος
369 1509 407 1580 τδ
439 1509 517 1600 ὅρος
548 1516 648 1581 τοῦτο
680 1512 737 1580 καλ
771 1507 916 1598 ὕστερον
947 1517 1035 1603 τῷδε
1066 1517 1115 1604 τῷ

158 1610 296 1700 ὀνόματι
336 1613 544 1700 κληθήσεται.
609 1612 670 1681 τὸν
703 1610 742 1682 δὲ
773 1609 957 1682 Καύκασον
990 1618 1148 1682 τοῦτονκ

157 1711 318 1800 καθήκειν
346 1719 418 1782 ἔστε
445 1715 500 1783 ἐπὶ
518 1712 579 1800 τὴν
595 1712 744 1802 μεγάλην
761 1713 824 1799 τὴν
842 1711 926 1802 πρὸς
945 1715 988 1782 ἕω
1005 1740 1041 1784 τε
1058 1714 1115 1782 καὶ

120 1813 283 1894 ιεἸνδοῦς
305 1812 491 1883 θάλασσαν.
530 1813 612 1895 τοῦς
638 1807 702 1882 οῦν
726 1815 917 1902 ποταμούς,
944 1811 1015 1883 ὅσοι
1031 1815 1115 1884 κατά

157 1915 218 2003 τὴν
233 1914 345 1985 Ἀσίαν
371 1915 475 2002 λόγου
502 1913 597 2003 άξιοι,
626 1917 662 1985 ἐκ
686 1918 746 1984 τοῦ
771 1914 907 2002 Ταῦρον
925 1941 961 1985 τε
978 1919 1034 1985 καλ
1052 1919 1114 1986 τοῦ

159 2015 342 2086 Καυκάσου
382 2015 584 2102 ἀνίσχοντας
615 2016 697 2097 τοῦς
727 2014 789 2104 μὲν
822 2015 868 2096 είς
900 2015 954 2084 ἐπ’
990 2015 1115 2107 άρκτον

158 2117 383 2206 τετραμμένον
411 2123 496 2204 ἔχειν
523 2116 561 2186 τδ
587 2114 695 2208 ὕδωρ,
722 2119 779 2186 καί
805 2117 937 2185 τοῦτον
954 2117 1034 2198 τούς
1051 2119 1114 2206 μὲν

160 2223 193 2298 ἐς
227 2217 288 2305 την
322 2226 446 2307 λίμνην
473 2217 639 2288 ἐκδιδόναι
670 2217 733 2306 τὴν
764 2223 931 2305 Μαιῶτιν,
963 2218 1043 2299 τοῦς
1076 2219 1115 2288 δὲ

119 2347 145 2387 ιο
159 2323 193 2399 ἐς
209 2317 271 2407 την
284 2316 464 2409 Ὑρκανίαν
482 2320 694 2408 καλουμένην
706 2317 894 2405 θάλασσαν,
913 2320 970 2387 καί
987 2319 1114 2408 ταύτην

157 2421 283 2489 κόλπου
310 2411 418 2490 οὖσαν
443 2424 502 2507 τῆς
526 2420 671 2508 μεγάλης
688 2418 874 2508 θαλάσσης·
913 2419 995 2498 τοῦς
1012 2418 1051 2488 δὲ
1068 2420 1148 2501 άςσ

160 2522 215 2591 ίπλ
232 2521 333 2591 νότον
358 2519 482 2609 άνεμον
508 2522 568 2588 τὸν
595 2519 782 2608 Εὐφράτην
807 2546 842 2589 τε
869 2517 1028 2588 εἶναικαὶ
1053 2519 1114 2590 τὸν

164 2629 310 2710 Τίγρητα
335 2623 392 2690 καλ
418 2621 478 2689 τὸν
501 2617 609 2690 Ἰνδόν
634 2648 670 2689 τε
696 2622 753 2688 καὶ
779 2618 839 2689 τὸν
863 2619 1030 2710 Ὑδάσπην
1056 2624 1114 2691 καί

155 2716 330 2811 Ἀκεσίνην
355 2722 412 2792 καλ
436 2719 626 2811 Ὑδραώτην
651 2724 708 2791 καλ
727 2721 868 2808 Ὕφασιν
894 2723 950 2791 καὶ
978 2719 1049 2791 ὅσοι
1076 2726 1113 2792 ίν

119 2851 145 2892 ιε
158 2825 248 2916 μέσῳ
289 2823 419 2892 τούτων
451 2849 488 2891 τε
521 2825 579 2892 καὶ
619 2829 680 2892 τοῦ
716 2822 852 2911 Γάγγου
892 2827 1044 2913 ποταμοῦ
1081 2829 1114 2906 ἐς

157 2925 334 2995 θάλασσαν
374 2924 430 2993 καὶ
471 2913 564 2993 οῦτοι
598 2924 817 3013 ἐσβάλλουσιν
851 2920 872 3012 ἣ
906 2932 955 3005 είς
989 2925 1113 3016 τενάγη

158 3026 374 3115 ἀναχεόμενοι
383 3022 612 3114 ἀφανίζονται,
621 3023 997 3116 καθάπερὸΕάφράτης
1007 3051 1113 3098 ποτα-

158 3127 220 3214 μός
246 3127 448 3216 άφανίζεται.

226 3225 313 3320 Ὅτῳ
339 3227 383 3316 δὴ
406 3227 448 3295 τά
473 3230 531 3313 τῆς
549 3225 661 3309 Ἀσίας
688 3217 752 3298 ὦδε
780 3233 845 3316 ἔχει
870 3225 915 3308 οὸς
941 3229 1025 3317 πρὸς
1049 3232 1149 3306 τοῦθ

120 3351 146 3394 ιο
165 3329 298 3417 Ταῦρον
311 3356 346 3398 τε
367 3330 423 3397 καὶ
440 3331 500 3397 τοῦ
517 3329 701 3400 Καυκάσου
716 3331 894 3416 τέμνεσθαι
907 3326 966 3396 ἀπ’
984 3329 1112 3418 άνέμου

158 3429 304 3518 ζεφάρον
349 3427 394 3510 τίς
428 3425 481 3497 ἐπ’
514 3428 706 3519 άπηλιάτην
737 3427 860 3518 ἄνεμον
895 3427 957 3517 τὴν
985 3429 1113 3519 Ἀσίαν,

158 3527 268 3623 τοάτφ
305 3530 370 3600 δάν
407 3528 470 3619 μὲν
502 3523 602 3600 αὗται
631 3532 780 3620 μέγισται
805 3530 891 3622 πρὸς
917 3529 1024 3600 αὐτοῦ
1051 3534 1113 3601 τοῦ
