2650 3948
206 219 230 286 8
560 217 813 278 ΔΔΕΞΔΝΔΡΟΤ

209 358 335 452 ἄπορος
358 358 452 456 αύτῷ
476 362 625 450 ἐγένετο,
649 361 707 430 καὶ
731 360 891 448 ἐπανάγει
915 353 1019 450 αύτής
1042 358 1167 450 ἡμέρας

210 462 320 544 σάους
338 461 534 552 σύμπαντας
553 463 609 533 ἐπὶ
625 462 663 533 τδ
684 461 919 552 στρατόπεδον.

172 575 194 627 ⁶
283 562 452 636 Ἐντιιύθα
486 563 648 653 ἀφίκοντο
682 565 836 652 πρέσβεις
871 562 917 645 ὦς
947 561 1168 653 Ἀλέξανδρον

210 664 302 754 παρά
322 691 359 734 τε
379 671 449 734 τῶν
472 664 586 735 ἄλλων
608 664 671 734 ὅσα
694 660 867 754 αὐτόνομα
891 671 975 753 ἐθνη
998 679 1171 753 προσοικεῖ

209 765 381 859 τῷἼστρφ
391 767 447 835 καὶ
461 765 551 858 παρά
561 765 773 855 Σύρμουτού
787 771 982 857 Τριβαλλῶν
991 768 1165 853 βασιλέως·
1193 797 1209 838 ε

210 868 268 937 καὶ
285 867 374 957 παρά
388 874 528 938 Κελτῶν
541 867 579 938 δέ
594 873 666 937 τεόν
681 869 735 937 ἐπὶ
749 872 795 960 τῷ
809 865 916 960 Ἰονίφ
934 867 1048 960 κόλπφ
1067 865 1167 961 ρέκισ·

210 970 323 1058 μένων
337 961 439 1056 ἧκον·
466 969 605 1058 μεγάλοι
621 973 657 1038 οί
667 969 789 1040 Κελτοὶ
805 967 846 1037 τά
859 968 996 1058 στόματα
1008 969 1066 1037 καὶ
1083 971 1168 1057 μέγα

212 1071 267 1140 ἐπὶ
281 1077 377 1159 σφίσι
390 1077 611 1160 φρονοῦντες·
629 1069 752 1150 πάντες
765 1069 804 1140 δέ
817 1076 928 1158 φιλίας
941 1075 1000 1157 τής
1009 1066 1166 1151 Ἀλεξάν-

176 1177 296 1262 λδρον
332 1172 498 1260 ἐφιέμενοι
531 1166 625 1259 ήκειν
660 1177 797 1259 ἔφασαν.
845 1172 902 1240 καὶ
932 1177 1033 1241 πᾶσιν
1064 1176 1168 1240 ἔδωκε

211 1279 338 1353 πίστεις
352 1269 568 1362 Ἀλέξανδρος
585 1273 642 1341 καὶ
660 1278 772 1360 ἔλαβε·
790 1271 871 1354 τούς
884 1271 1035 1353 Κελτούς
1053 1271 1092 1341 δέ
1109 1273 1207 1345 καίεο

210 1370 310 1462 ήρετο
334 1373 354 1443 ὅ
379 1401 410 1443 τι
426 1373 565 1463 μάλιστα
592 1377 772 1442 δεδίττεται
795 1369 919 1455 αύτούς
942 1380 1011 1442 τῶν
1028 1371 1166 1462 άνθρω-

212 1482 340 1562 πίνων,
372 1477 508 1554 ἐλπίσας
533 1473 586 1544 ὅτι
608 1476 693 1562 μέγα
718 1472 825 1564 ὄνομα
854 1474 891 1543 τό
923 1472 1029 1544 αύτοῦ
1052 1475 1109 1543 καὶ
1134 1477 1168 1556 ές
1234 1467 1237 1470 ’

211 1574 360 1657 Κελτούς
393 1577 450 1646 καὶ
482 1581 530 1645 ἔτι
561 1575 760 1665 προσωτέρω
790 1574 865 1663 ήκει
893 1577 950 1644 καὶ
981 1575 1032 1645 ὅτι
1061 1573 1168 1646 αύτδν

177 1677 352 1766 8μάλιστα
375 1676 509 1746 πάντων
534 1677 679 1746 δεδιέναι
696 1675 852 1764 φήσουσι.
882 1683 929 1770 τῷ
948 1677 985 1746 δέ
1003 1674 1084 1765 παρ’
1111 1679 1167 1746 έλ-

99 1853 101 1858 ,
212 1785 295 1849 πίδα
304 1778 427 1866 ξυνέβη
440 1775 690 1865 τῶνΚελτιινή
705 1774 892 1868 άπόκρισις·
907 1772 961 1846 οἷα
973 1777 1038 1868 γάρ
1052 1776 1167 1868 πόρρω
1181 1808 1207 1850 ιι

211 1908 247 1950 τε
261 1876 437 1972 ᾠκισμένοι
445 1877 663 1968 Ἀλεξάνδρου
676 1879 733 1947 καλ
746 1885 851 1968 χωρία
864 1878 1018 1967 δύσπορα
1031 1885 1167 1948 οίκούν-

212 2087 342 2172 ἐφασαυ
366 2082 511 2150 δεδιέναι
533 2079 658 2171 μήποτε
682 2077 700 2150 ὁ
725 2077 872 2170 ούρανος
890 2078 1005 2161 αύτοίς
1024 2081 1167 2169 ἐμπέσοι.

211 2183 268 2252 καὶ
280 2181 419 2264 τούτους
432 2189 553 2270 φίλους
565 2209 601 2251 τε
614 2178 781 2270 ὀνομάσας
795 2181 851 2250 καὶ
863 2180 1054 2270 ξυμμάχους
1071 2207 1167 2269 ποιη-

213 2283 354 2374 σάμενος
384 2281 492 2354 ὀπίσω
523 2281 714 2371 ἀπέπεμψε,
743 2285 906 2351 τοσούτου
935 2280 1088 2351 ύπειπύν
1118 2281 1206 2358 ότιω

213 2380 367 2471 άλαξόνες
386 2391 510 2455 Κελτοί
525 2390 620 2454 είσιν.

170 2490 194 2558 5
282 2483 395 2568 Αύτὸς
408 2485 447 2556 δέ
461 2484 513 2554 ἐπ’
530 2483 715 2574 Ἀγριάνων
727 2485 783 2552 καί
797 2483 954 2553 Παιόνων
968 2479 1167 2572 προύχύρει.

213 2593 298 2658 ἔνθα
311 2585 353 2675 δή
370 2586 506 2674 άγγελοι
523 2583 683 2674 ἀφίκοντο
697 2581 788 2677 αύτῷ
801 2584 944 2654 Κλεῖτόν
956 2613 992 2654 τε
1004 2584 1064 2654 τόν
1077 2595 1168 2674 Βαρ-

213 2687 323 2758 δύλεω
348 2684 533 2776 άφεστάναι
557 2684 775 2774 ἀγγέλλοντες
799 2686 855 2754 καὶ
873 2692 1044 2756 Γλαυκίαν
1061 2709 1167 2775 προσ-

212 2788 434 2877 κεχωρηκέναι
455 2786 548 2879 αύτςό
571 2785 631 2856 τόν
658 2793 874 2856 Ταυλαντίων
895 2789 1047 2874 βασιλέα·
1074 2792 1109 2856 οί
1130 2787 1206 2862 δέω

212 2891 269 2958 καὶ
293 2888 374 2970 τούς
398 2886 607 2976 Αύταριάτας
639 2884 859 2974 ἐπιθήσεσθαι
883 2884 977 2981 αύτῷ
1000 2886 1083 2957 κατά
1107 2887 1170 2976 τήν

213 2997 353 3081 πορείαν
385 2990 596 3080 ἐξήγγελλον·
632 2981 680 3058 ὦν
707 2988 748 3077 δή
780 2991 878 3058 ἕνεκα
903 2988 985 3058 κατά
1016 2989 1170 3077 σπουδήν

179 3101 196 3150 ²
215 3091 320 3161 έδόκει
333 3089 586 3180 ἀναζευγνύναι.
626 3091 804 3181 Λάγγαρος
823 3090 861 3159 δὲ
874 3087 892 3158 ὁ
907 3095 975 3158 των
986 3084 1170 3176 Ἀγριάνων

213 3192 369 3280 βασιλεύς
387 3199 435 3264 ἔτι
456 3193 519 3282 μέν
542 3195 597 3262 καὶ
618 3199 787 3262 Φιλίππου
805 3197 924 3274 ζῶντος
947 3187 1171 3280 ἀσπαζόμενος

211 3290 431 3382 Ἀλέξανδρον
466 3298 565 3380 δήλος
595 3285 638 3378 ήν
667 3291 724 3359 καὶ
756 3295 826 3380 ἰδίᾳ
858 3291 1059 3379 ἐπρέσβευσε
1088 3289 1168 3380 παρ’
1182 3325 1207 3365 οι

214 3391 336 3481 αύτόν,
359 3395 433 3464 τότε
456 3394 494 3463 δὲ
515 3397 627 3484 παρῆν
645 3388 737 3481 αύτῷ
754 3389 836 3479 μετά
854 3397 922 3460 τοῖν
938 3389 1170 3479 ύπασπιστοῖν,

214 3493 317 3576 ὅσους
340 3521 375 3564 τε
398 3501 596 3575 καλλίστους
620 3494 676 3561 καὶ
694 3489 939 3572 εὐοπλοτάτους
956 3489 1040 3580 ἄμφ’
1065 3490 1172 3562 αύτόν
