<?xml version="1.0" encoding="UTF-8"?>
<!DOCTYPE html PUBLIC "-//W3C//DTD XHTML 1.0 Transitional//EN"
    "http://www.w3.org/TR/xhtml1/DTD/xhtml1-transitional.dtd">
<html xmlns="http://www.w3.org/1999/xhtml" xml:lang="en" lang="en">
 <head>
  <title>
</title>
<meta http-equiv="Content-Type" content="text/html;charset=utf-8" />
  <meta name='ocr-system' content='tesseract 3.04.00' />
  <meta name='ocr-capabilities' content='ocr_page ocr_carea ocr_par ocr_line ocrx_word'/>
</head>
<body>
  <div class='ocr_page' id='page_1' title='image "./arrianianabasis00abicgoog_0111.png"; bbox 0 0 2664 3946; ppageno 0'>
   <div class='ocr_carea' id='block_1_1' title="bbox 229 254 833 322">
    <p class='ocr_par' dir='ltr' id='par_1_1' title="bbox 229 254 833 322">
     <span class='ocr_line' id='line_1_1' title="bbox 229 254 833 322; baseline -0.002 -10"><span class='ocrx_word' id='word_1_1' title='bbox 229 257 272 322; x_wconf 88' lang='grc'><strong><em>80</em></strong></span> <span class='ocrx_word' id='word_1_2' title='bbox 580 254 833 315; x_wconf 78' lang='grc' dir='ltr'><strong>ΑΛΕΞΑΝΔΡΟΤ</strong></span> 
     </span>
    </p>
   </div>
   <div class='ocr_carea' id='block_1_2' title="bbox 185 395 1324 3625">
    <p class='ocr_par' dir='ltr' id='par_1_2' title="bbox 225 395 1184 790">
     <span class='ocr_line' id='line_1_2' title="bbox 232 395 1184 487; baseline -0.003 -18"><span class='ocrx_word' id='word_1_3' title='bbox 232 399 299 486; x_wconf 84' lang='grc' dir='ltr'><strong><em>έμέ.</em></strong></span> <span class='ocrx_word' id='word_1_4' title='bbox 335 404 368 469; x_wconf 84' lang='grc' dir='ltr'><strong><em>εί</em></strong></span> <span class='ocrx_word' id='word_1_5' title='bbox 383 397 421 468; x_wconf 78' lang='grc' dir='ltr'><strong><em>δὲ</em></strong></span> <span class='ocrx_word' id='word_1_6' title='bbox 439 403 529 487; x_wconf 81' lang='grc' dir='ltr'><strong><em>φοβῇ</em></strong></span> <span class='ocrx_word' id='word_1_7' title='bbox 547 398 592 487; x_wconf 79' lang='grc' dir='ltr'><em>μή</em></span> <span class='ocrx_word' id='word_1_8' title='bbox 612 398 724 468; x_wconf 77' lang='grc' dir='ltr'><strong><em>ἐλθόν</em></strong></span> <span class='ocrx_word' id='word_1_9' title='bbox 742 398 856 487; x_wconf 75' lang='grc' dir='ltr'><strong><em>πάθῃς</em></strong></span> <span class='ocrx_word' id='word_1_10' title='bbox 873 424 904 465; x_wconf 88' lang='grc' dir='ltr'><strong><em>τι</em></strong></span> <span class='ocrx_word' id='word_1_11' title='bbox 922 399 954 480; x_wconf 83' lang='grc' dir='ltr'><strong><em>ἑξ</em></strong></span> <span class='ocrx_word' id='word_1_12' title='bbox 974 401 1055 485; x_wconf 82' lang='grc' dir='ltr'><strong><em>ἐμοῦ</em></strong></span> <span class='ocrx_word' id='word_1_13' title='bbox 1073 395 1184 486; x_wconf 82' lang='grc' dir='ltr'><strong><em>άχαρι,</em></strong></span> 
     </span>
     <span class='ocr_line' id='line_1_3' title="bbox 225 498 1184 588; baseline 0 -20"><span class='ocrx_word' id='word_1_14' title='bbox 225 501 339 588; x_wconf 80' lang='grc' dir='ltr'><strong><em>πέμπε</em></strong></span> <span class='ocrx_word' id='word_1_15' title='bbox 351 499 444 580; x_wconf 84' lang='grc' dir='ltr'><strong><em>τινάς</em></strong></span> <span class='ocrx_word' id='word_1_16' title='bbox 458 503 527 568; x_wconf 79' lang='grc' dir='ltr'><strong><em>τῶν</em></strong></span> <span class='ocrx_word' id='word_1_17' title='bbox 541 508 652 587; x_wconf 89' lang='grc' dir='ltr'><strong><em>φίλων</em></strong></span> <span class='ocrx_word' id='word_1_18' title='bbox 664 499 706 567; x_wconf 82' lang='grc' dir='ltr'><strong><em>τά</em></strong></span> <span class='ocrx_word' id='word_1_19' title='bbox 720 499 818 569; x_wconf 84' lang='grc' dir='ltr'><strong><em>πιστά</em></strong></span> <span class='ocrx_word' id='word_1_20' title='bbox 833 501 1052 587; x_wconf 79' lang='grc' dir='ltr'><strong><em>ληψομένους.</em></strong></span> <span class='ocrx_word' id='word_1_21' title='bbox 1073 498 1184 570; x_wconf 79' lang='grc' dir='ltr'><strong><em>ἑλδάν</em></strong></span> 
     </span>
     <span class='ocr_line' id='line_1_4' title="bbox 231 599 1184 690; baseline 0.001 -21"><span class='ocrx_word' id='word_1_22' title='bbox 231 600 270 669; x_wconf 72' lang='grc' dir='ltr'><strong><em>δὲ</em></strong></span> <span class='ocrx_word' id='word_1_23' title='bbox 294 600 377 690; x_wconf 90' lang='grc' dir='ltr'><strong><em>πρός</em></strong></span> <span class='ocrx_word' id='word_1_24' title='bbox 401 628 442 688; x_wconf 92' lang='grc' dir='ltr'><strong><em>με</em></strong></span> <span class='ocrx_word' id='word_1_25' title='bbox 463 600 525 689; x_wconf 77' lang='grc' dir='ltr'><strong><em>τὴν</em></strong></span> <span class='ocrx_word' id='word_1_26' title='bbox 549 604 673 690; x_wconf 87' lang='grc' dir='ltr'><strong><em>μητέρα</em></strong></span> <span class='ocrx_word' id='word_1_27' title='bbox 695 602 752 669; x_wconf 81' lang='grc' dir='ltr'><strong><em>καὶ</em></strong></span> <span class='ocrx_word' id='word_1_28' title='bbox 776 599 838 688; x_wconf 84' lang='grc' dir='ltr'><strong><em>τὴν</em></strong></span> <span class='ocrx_word' id='word_1_29' title='bbox 859 615 1007 686; x_wconf 77' lang='grc' dir='ltr'><strong><em>γυναῖκα</em></strong></span> <span class='ocrx_word' id='word_1_30' title='bbox 1029 601 1087 669; x_wconf 83' lang='grc' dir='ltr'><strong><em>καὶ</em></strong></span> <span class='ocrx_word' id='word_1_31' title='bbox 1103 600 1184 681; x_wconf 84' lang='grc' dir='ltr'><strong><em>τοῦς</em></strong></span> 
     </span>
     <span class='ocr_line' id='line_1_5' title="bbox 231 699 1184 790; baseline 0 -20"><span class='ocrx_word' id='word_1_32' title='bbox 231 707 356 781; x_wconf 84' lang='grc' dir='ltr'><strong><em>παῖδας</em></strong></span> <span class='ocrx_word' id='word_1_33' title='bbox 372 703 426 770; x_wconf 77' lang='grc' dir='ltr'><strong><em>καί</em></strong></span> <span class='ocrx_word' id='word_1_34' title='bbox 450 709 483 772; x_wconf 87' lang='grc' dir='ltr'><strong><em>εί</em></strong></span> <span class='ocrx_word' id='word_1_35' title='bbox 506 699 588 770; x_wconf 86' lang='grc' dir='ltr'><strong><em>άλλο</em></strong></span> <span class='ocrx_word' id='word_1_36' title='bbox 604 729 636 770; x_wconf 88' lang='grc' dir='ltr'><strong><em>τι</em></strong></span> <span class='ocrx_word' id='word_1_37' title='bbox 653 702 777 781; x_wconf 78' lang='grc' dir='ltr'><strong><em>έδέλεις</em></strong></span> <span class='ocrx_word' id='word_1_38' title='bbox 795 711 878 770; x_wconf 82' lang='grc' dir='ltr'><strong><em>αίτει</em></strong></span> <span class='ocrx_word' id='word_1_39' title='bbox 894 702 952 770; x_wconf 82' lang='grc' dir='ltr'><strong><em>καὶ</em></strong></span> <span class='ocrx_word' id='word_1_40' title='bbox 969 701 1126 790; x_wconf 88' lang='grc' dir='ltr'><strong><em>λάμβανε.</em></strong></span> <span class='ocrx_word' id='word_1_41' title='bbox 1165 699 1184 769; x_wconf 83' lang='grc' dir='ltr'><strong><em>ό</em></strong></span> 
     </span>
    </p>

    <p class='ocr_par' dir='ltr' id='par_1_3' title="bbox 196 798 1224 1599">
     <span class='ocr_line' id='line_1_6' title="bbox 196 798 1224 891; baseline 0.004 -24"><span class='ocrx_word' id='word_1_42' title='bbox 196 816 214 866; x_wconf 78' lang='grc'>9</span> <span class='ocrx_word' id='word_1_43' title='bbox 231 830 263 870; x_wconf 91' lang='grc' dir='ltr'><strong><em>τι</em></strong></span> <span class='ocrx_word' id='word_1_44' title='bbox 279 802 344 891; x_wconf 80' lang='grc' dir='ltr'><strong><em>γάρ</em></strong></span> <span class='ocrx_word' id='word_1_45' title='bbox 362 798 405 870; x_wconf 85' lang='grc' dir='ltr'><strong><em>άν</em></strong></span> <span class='ocrx_word' id='word_1_46' title='bbox 422 811 546 891; x_wconf 77' lang='grc' dir='ltr'><strong><em>πείθῃς</em></strong></span> <span class='ocrx_word' id='word_1_47' title='bbox 564 803 620 890; x_wconf 78' lang='grc' dir='ltr'><strong><em>ἐμὲ</em></strong></span> <span class='ocrx_word' id='word_1_48' title='bbox 635 810 725 872; x_wconf 80' lang='grc' dir='ltr'><strong><em>ἔσται</em></strong></span> <span class='ocrx_word' id='word_1_49' title='bbox 737 824 798 871; x_wconf 94' lang='grc' dir='ltr'><strong><em>σοι.</em></strong></span> <span class='ocrx_word' id='word_1_50' title='bbox 824 804 955 871; x_wconf 76' lang='grc' dir='ltr'><strong><em>καὶτοῦ</em></strong></span> <span class='ocrx_word' id='word_1_51' title='bbox 969 807 1088 872; x_wconf 83' lang='grc' dir='ltr'><strong><em>λοιποῦ</em></strong></span> <span class='ocrx_word' id='word_1_52' title='bbox 1103 801 1183 870; x_wconf 84' lang='grc' dir='ltr'><strong><em>ὅταν</em></strong></span> <span class='ocrx_word' id='word_1_53' title='bbox 1209 830 1224 871; x_wconf 85' lang='grc' dir='ltr'><strong><em>ι</em></strong></span> 
     </span>
     <span class='ocr_line' id='line_1_7' title="bbox 231 902 1184 992; baseline 0 -20"><span class='ocrx_word' id='word_1_54' title='bbox 231 905 377 992; x_wconf 86' lang='grc' dir='ltr'><strong><em>πέμπῃς,</em></strong></span> <span class='ocrx_word' id='word_1_55' title='bbox 395 903 469 991; x_wconf 88' lang='grc' dir='ltr'><strong><em>παρ’</em></strong></span> <span class='ocrx_word' id='word_1_56' title='bbox 487 903 544 991; x_wconf 72' lang='grc' dir='ltr'><strong><em>ἐμὲ</em></strong></span> <span class='ocrx_word' id='word_1_57' title='bbox 557 902 603 983; x_wconf 84' lang='grc' dir='ltr'><strong><em>ιδς</em></strong></span> <span class='ocrx_word' id='word_1_58' title='bbox 615 905 752 992; x_wconf 81' lang='grc' dir='ltr'><strong><em>βασιλέα</em></strong></span> <span class='ocrx_word' id='word_1_59' title='bbox 764 907 823 990; x_wconf 78' lang='grc' dir='ltr'><strong><em>τῆς</em></strong></span> <span class='ocrx_word' id='word_1_60' title='bbox 837 902 950 982; x_wconf 88' lang='grc' dir='ltr'><strong><em>Ἀσίας</em></strong></span> <span class='ocrx_word' id='word_1_61' title='bbox 963 905 1083 991; x_wconf 81' lang='grc' dir='ltr'><strong><em>πέμπε,</em></strong></span> <span class='ocrx_word' id='word_1_62' title='bbox 1100 903 1184 990; x_wconf 72' lang='grc' dir='ltr'><strong><em>μηδὲ</em></strong></span> 
     </span>
     <span class='ocr_line' id='line_1_8' title="bbox 231 999 1185 1096; baseline 0 -24"><span class='ocrx_word' id='word_1_63' title='bbox 231 999 253 1072; x_wconf 77' lang='grc' dir='ltr'><strong><em>ά</em></strong></span> <span class='ocrx_word' id='word_1_64' title='bbox 279 1001 416 1093; x_wconf 79' lang='grc' dir='ltr'><strong><em>[βούλει]</em></strong></span> <span class='ocrx_word' id='word_1_65' title='bbox 443 1003 475 1082; x_wconf 80' lang='grc' dir='ltr'><strong><em>ἐξ</em></strong></span> <span class='ocrx_word' id='word_1_66' title='bbox 502 1014 578 1074; x_wconf 86' lang='grc' dir='ltr'><strong><em>ίσου</em></strong></span> <span class='ocrx_word' id='word_1_67' title='bbox 603 1008 774 1074; x_wconf 81' lang='grc' dir='ltr'><strong><em>ἐπίστελλε</em></strong></span> <span class='ocrx_word' id='word_1_68' title='bbox 781 1057 791 1093; x_wconf 91' lang='grc'><strong><em>,</em></strong></span> <span class='ocrx_word' id='word_1_69' title='bbox 817 1003 887 1082; x_wconf 76' lang='grc' dir='ltr'><strong><em>ἀλλ’</em></strong></span> <span class='ocrx_word' id='word_1_70' title='bbox 913 1003 959 1085; x_wconf 82' lang='grc' dir='ltr'><strong><em>ύς</em></strong></span> <span class='ocrx_word' id='word_1_71' title='bbox 981 1013 1090 1096; x_wconf 79' lang='grc' dir='ltr'><strong><em>κυρίῳ</em></strong></span> <span class='ocrx_word' id='word_1_72' title='bbox 1114 1003 1185 1072; x_wconf 87' lang='grc' dir='ltr'><strong><em>όντι</em></strong></span> 
     </span>
     <span class='ocr_line' id='line_1_9' title="bbox 232 1105 1183 1195; baseline 0.002 -23"><span class='ocrx_word' id='word_1_73' title='bbox 232 1106 369 1174; x_wconf 87' lang='grc' dir='ltr'><strong><em>πάντων</em></strong></span> <span class='ocrx_word' id='word_1_74' title='bbox 392 1109 461 1174; x_wconf 83' lang='grc' dir='ltr'><strong><em>τῶν</em></strong></span> <span class='ocrx_word' id='word_1_75' title='bbox 484 1107 554 1174; x_wconf 85' lang='grc' dir='ltr'><strong><em>σῦν</em></strong></span> <span class='ocrx_word' id='word_1_76' title='bbox 581 1106 682 1195; x_wconf 80' lang='grc' dir='ltr'><strong><em>φράζε</em></strong></span> <span class='ocrx_word' id='word_1_77' title='bbox 699 1115 734 1174; x_wconf 85' lang='grc' dir='ltr'><strong><em>εί</em></strong></span> <span class='ocrx_word' id='word_1_78' title='bbox 746 1132 806 1175; x_wconf 89' lang='grc' dir='ltr'><strong><em>του</em></strong></span> <span class='ocrx_word' id='word_1_79' title='bbox 825 1107 901 1195; x_wconf 87' lang='grc' dir='ltr'><strong><em>δέῃ’</em></strong></span> <span class='ocrx_word' id='word_1_80' title='bbox 939 1113 972 1176; x_wconf 82' lang='grc' dir='ltr'><strong><em>εί</em></strong></span> <span class='ocrx_word' id='word_1_81' title='bbox 986 1105 1025 1175; x_wconf 71' lang='grc' dir='ltr'><strong><em>δέ</em></strong></span> <span class='ocrx_word' id='word_1_82' title='bbox 1042 1105 1100 1193; x_wconf 81' lang='grc' dir='ltr'><strong><em>μή,</em></strong></span> <span class='ocrx_word' id='word_1_83' title='bbox 1119 1106 1183 1192; x_wconf 77' lang='grc' dir='ltr'><strong><em>έγτδ</em></strong></span> 
     </span>
     <span class='ocr_line' id='line_1_10' title="bbox 231 1204 1184 1295; baseline -0.002 -19"><span class='ocrx_word' id='word_1_84' title='bbox 231 1206 456 1294; x_wconf 75' lang='grc' dir='ltr'><strong><em>βουλεύσομαι</em></strong></span> <span class='ocrx_word' id='word_1_85' title='bbox 479 1208 556 1295; x_wconf 81' lang='grc' dir='ltr'><strong><em>περὶ</em></strong></span> <span class='ocrx_word' id='word_1_86' title='bbox 580 1209 641 1276; x_wconf 85' lang='grc' dir='ltr'><strong><em>σοῦ</em></strong></span> <span class='ocrx_word' id='word_1_87' title='bbox 667 1205 713 1285; x_wconf 77' lang='grc' dir='ltr'><strong><em>ως</em></strong></span> <span class='ocrx_word' id='word_1_88' title='bbox 735 1204 942 1287; x_wconf 77' lang='grc' dir='ltr'><strong><em>ἀδικοῦντος.</em></strong></span> <span class='ocrx_word' id='word_1_89' title='bbox 982 1213 1014 1276; x_wconf 82' lang='grc' dir='ltr'><strong><em>εί</em></strong></span> <span class='ocrx_word' id='word_1_90' title='bbox 1035 1207 1073 1275; x_wconf 77' lang='grc' dir='ltr'><strong><em>δδ</em></strong></span> <span class='ocrx_word' id='word_1_91' title='bbox 1090 1204 1184 1274; x_wconf 87' lang='grc' dir='ltr'><strong><em>άντι-</em></strong></span> 
     </span>
     <span class='ocr_line' id='line_1_11' title="bbox 232 1305 1222 1396; baseline 0 -20"><span class='ocrx_word' id='word_1_92' title='bbox 232 1309 337 1394; x_wconf 82' lang='grc' dir='ltr'><strong><em>λέγεις</em></strong></span> <span class='ocrx_word' id='word_1_93' title='bbox 360 1309 436 1396; x_wconf 80' lang='grc' dir='ltr'><strong><em>περὶ</em></strong></span> <span class='ocrx_word' id='word_1_94' title='bbox 457 1311 516 1394; x_wconf 80' lang='grc' dir='ltr'><strong><em>τῆς</em></strong></span> <span class='ocrx_word' id='word_1_95' title='bbox 539 1315 726 1396; x_wconf 84' lang='grc' dir='ltr'><strong><em>βασιλείας,</em></strong></span> <span class='ocrx_word' id='word_1_96' title='bbox 754 1305 941 1395; x_wconf 80' lang='grc' dir='ltr'><strong><em>ὑπομείνας</em></strong></span> <span class='ocrx_word' id='word_1_97' title='bbox 960 1313 1008 1377; x_wconf 80' lang='grc' dir='ltr'><strong><em>ἔτι</em></strong></span> <span class='ocrx_word' id='word_1_98' title='bbox 1024 1306 1185 1393; x_wconf 82' lang='grc' dir='ltr'><strong><em>άγάνισαι</em></strong></span> <span class='ocrx_word' id='word_1_99' title='bbox 1198 1336 1222 1376; x_wconf 82' lang='grc' dir='ltr'><strong><em>ιο</em></strong></span> 
     </span>
     <span class='ocr_line' id='line_1_12' title="bbox 232 1407 1186 1532; baseline 0 -56"><span class='ocrx_word' id='word_1_100' title='bbox 232 1410 313 1532; x_wconf 58' lang='lat'><strong><em>¹⁶50}</em></strong></span> <span class='ocrx_word' id='word_1_101' title='bbox 323 1407 426 1531; x_wconf 63' lang='grc' dir='ltr'><strong><em>αύφῆς</em></strong></span> <span class='ocrx_word' id='word_1_102' title='bbox 438 1410 496 1477; x_wconf 79' lang='grc' dir='ltr'><strong><em>καὶ</em></strong></span> <span class='ocrx_word' id='word_1_103' title='bbox 509 1408 554 1496; x_wconf 77' lang='grc' dir='ltr'><strong><em>μὴ</em></strong></span> <span class='ocrx_word' id='word_1_104' title='bbox 568 1413 686 1497; x_wconf 81' lang='grc' dir='ltr'><strong><em>φεῦγε,</em></strong></span> <span class='ocrx_word' id='word_1_105' title='bbox 705 1407 750 1488; x_wconf 81' lang='grc' dir='ltr'><strong><em>ύς</em></strong></span> <span class='ocrx_word' id='word_1_106' title='bbox 765 1409 841 1495; x_wconf 60' lang='grc' dir='ltr'><strong><em>ἐμοὶ(</em></strong></span> <span class='ocrx_word' id='word_1_107' title='bbox 851 1411 906 1478; x_wconf 84' lang='grc' dir='ltr'><strong><em>ἐπὶ</em></strong></span> <span class='ocrx_word' id='word_1_108' title='bbox 924 1407 962 1478; x_wconf 76' lang='grc' dir='ltr'><strong><em>σὲ</em></strong></span> <span class='ocrx_word' id='word_1_109' title='bbox 979 1409 1186 1497; x_wconf 75' lang='grc' dir='ltr'><strong><em>πορεύσομαι</em></strong></span> 
     </span>
     <span class='ocr_line' id='line_1_13' title="bbox 235 1535 404 1599; baseline 0 -21"><span class='ocrx_word' id='word_1_110' title='bbox 235 1535 275 1578; x_wconf 89' lang='grc' dir='ltr'><strong><em>ου</em></strong></span> <span class='ocrx_word' id='word_1_111' title='bbox 293 1537 336 1578; x_wconf 94' lang='grc' dir='ltr'><strong><em>αν</em></strong></span> <span class='ocrx_word' id='word_1_112' title='bbox 353 1537 404 1599; x_wconf 87' lang='grc' dir='ltr'><strong><em>ης.</em></strong></span> 
     </span>
    </p>

    <p class='ocr_par' dir='ltr' id='par_1_4' title="bbox 185 1609 1222 2204">
     <span class='ocr_line' id='line_1_14' title="bbox 185 1609 1184 1701; baseline -0.002 -19"><span class='ocrx_word' id='word_1_113' title='bbox 185 1618 223 1682; x_wconf 85' lang='grc'><strong><em>15</em></strong></span> <span class='ocrx_word' id='word_1_114' title='bbox 306 1611 401 1701; x_wconf 88' lang='grc' dir='ltr'><strong><em>Πρδς</em></strong></span> <span class='ocrx_word' id='word_1_115' title='bbox 429 1609 492 1698; x_wconf 73' lang='grc' dir='ltr'><strong><em>μὲν</em></strong></span> <span class='ocrx_word' id='word_1_116' title='bbox 515 1622 663 1699; x_wconf 82' lang='grc' dir='ltr'><strong><em>Δαρεῖον</em></strong></span> <span class='ocrx_word' id='word_1_117' title='bbox 686 1611 793 1679; x_wconf 88' lang='grc' dir='ltr'><strong><em>ταῦτα</em></strong></span> <span class='ocrx_word' id='word_1_118' title='bbox 818 1612 1010 1681; x_wconf 84' lang='grc' dir='ltr'><strong><em>ἐπέστειλεν.</em></strong></span> <span class='ocrx_word' id='word_1_119' title='bbox 1051 1613 1123 1680; x_wconf 76' lang='grc' dir='ltr'><strong><em>ἐπεὶ</em></strong></span> <span class='ocrx_word' id='word_1_120' title='bbox 1145 1609 1184 1680; x_wconf 71' lang='grc' dir='ltr'><strong><em>δὲ</em></strong></span> 
     </span>
     <span class='ocr_line' id='line_1_15' title="bbox 233 1708 1184 1804; baseline -0.001 -23"><span class='ocrx_word' id='word_1_121' title='bbox 233 1719 338 1799; x_wconf 77' lang='grc' dir='ltr'><strong><em>ἔμαθε</em></strong></span> <span class='ocrx_word' id='word_1_122' title='bbox 359 1711 401 1781; x_wconf 89' lang='grc' dir='ltr'><strong><em>τά</em></strong></span> <span class='ocrx_word' id='word_1_123' title='bbox 423 1739 460 1781; x_wconf 90' lang='grc' dir='ltr'><strong><em>τε</em></strong></span> <span class='ocrx_word' id='word_1_124' title='bbox 482 1711 632 1799; x_wconf 83' lang='grc' dir='ltr'><strong><em>χρήματα</em></strong></span> <span class='ocrx_word' id='word_1_125' title='bbox 657 1708 719 1779; x_wconf 83' lang='grc' dir='ltr'><strong><em>ὅσα</em></strong></span> <span class='ocrx_word' id='word_1_126' title='bbox 742 1711 808 1780; x_wconf 85' lang='grc' dir='ltr'><strong><em>σύν</em></strong></span> <span class='ocrx_word' id='word_1_127' title='bbox 832 1715 975 1798; x_wconf 81' lang='grc' dir='ltr'><strong><em>Κωφῆνι</em></strong></span> <span class='ocrx_word' id='word_1_128' title='bbox 996 1713 1044 1804; x_wconf 76' lang='grc' dir='ltr'><strong><em>τῷ</em></strong></span> <span class='ocrx_word' id='word_1_129' title='bbox 1064 1711 1184 1800; x_wconf 89' lang='grc' dir='ltr'><strong><em>Ἀρτα-</em></strong></span> 
     </span>
     <span class='ocr_line' id='line_1_16' title="bbox 231 1811 1222 1902; baseline 0.002 -21"><span class='ocrx_word' id='word_1_130' title='bbox 231 1813 333 1901; x_wconf 85' lang='grc' dir='ltr'><strong><em>βάζου</em></strong></span> <span class='ocrx_word' id='word_1_131' title='bbox 375 1811 609 1900; x_wconf 80' lang='grc' dir='ltr'><strong><em>ἀποπεπόμφει</em></strong></span> <span class='ocrx_word' id='word_1_132' title='bbox 652 1815 685 1891; x_wconf 82' lang='grc' dir='ltr'><strong><em>ἐς</em></strong></span> <span class='ocrx_word' id='word_1_133' title='bbox 724 1811 908 1901; x_wconf 88' lang='grc' dir='ltr'><strong><em>Δαμασκὸν</em></strong></span> <span class='ocrx_word' id='word_1_134' title='bbox 946 1825 1091 1902; x_wconf 80' lang='grc' dir='ltr'><strong><em>Δαρεῖος</em></strong></span> <span class='ocrx_word' id='word_1_135' title='bbox 1133 1811 1184 1881; x_wconf 85' lang='grc' dir='ltr'><strong><em>ὅτι</em></strong></span> <span class='ocrx_word' id='word_1_136' title='bbox 1197 1843 1222 1883; x_wconf 83' lang='grc' dir='ltr'><strong><em>ιι</em></strong></span> 
     </span>
     <span class='ocr_line' id='line_1_17' title="bbox 234 1911 1183 2002; baseline 0.002 -21"><span class='ocrx_word' id='word_1_137' title='bbox 234 1914 377 2002; x_wconf 88' lang='grc' dir='ltr'><strong><em>ἑάλωκε,</em></strong></span> <span class='ocrx_word' id='word_1_138' title='bbox 407 1916 465 1982; x_wconf 84' lang='grc' dir='ltr'><strong><em>καὶ</em></strong></span> <span class='ocrx_word' id='word_1_139' title='bbox 488 1911 560 1983; x_wconf 83' lang='grc' dir='ltr'><strong><em>ὅσοι</em></strong></span> <span class='ocrx_word' id='word_1_140' title='bbox 584 1915 727 2002; x_wconf 84' lang='grc' dir='ltr'><strong><em>Περσῦυ</em></strong></span> <span class='ocrx_word' id='word_1_141' title='bbox 752 1912 831 2001; x_wconf 84' lang='grc' dir='ltr'><strong><em>ἀμφ’</em></strong></span> <span class='ocrx_word' id='word_1_142' title='bbox 858 1912 944 1983; x_wconf 89' lang='grc' dir='ltr'><strong><em>αύτδι</em></strong></span> <span class='ocrx_word' id='word_1_143' title='bbox 969 1917 1183 2002; x_wconf 82' lang='grc' dir='ltr'><strong><em>ἐγκατελείφ-</em></strong></span> 
     </span>
     <span class='ocr_line' id='line_1_18' title="bbox 230 2013 1184 2104; baseline 0.001 -21"><span class='ocrx_word' id='word_1_144' title='bbox 230 2025 342 2102; x_wconf 73' lang='grc' dir='ltr'><strong><em>δησαν</em></strong></span> <span class='ocrx_word' id='word_1_145' title='bbox 372 2013 437 2084; x_wconf 85' lang='grc' dir='ltr'><strong><em>σῦν</em></strong></span> <span class='ocrx_word' id='word_1_146' title='bbox 465 2017 508 2104; x_wconf 78' lang='grc' dir='ltr'><strong><em>τῇ</em></strong></span> <span class='ocrx_word' id='word_1_147' title='bbox 538 2013 625 2103; x_wconf 85' lang='grc' dir='ltr'><strong><em>άλλη</em></strong></span> <span class='ocrx_word' id='word_1_148' title='bbox 655 2019 808 2103; x_wconf 77' lang='grc' dir='ltr'><strong><em>βασιλικῇ</em></strong></span> <span class='ocrx_word' id='word_1_149' title='bbox 839 2019 1028 2104; x_wconf 74' lang='grc' dir='ltr'><strong><em>κατασκευῇ</em></strong></span> <span class='ocrx_word' id='word_1_150' title='bbox 1053 2013 1103 2083; x_wconf 89' lang='grc' dir='ltr'><strong><em>ότι</em></strong></span> <span class='ocrx_word' id='word_1_151' title='bbox 1125 2016 1184 2084; x_wconf 77' lang='grc' dir='ltr'><strong><em>καὶ</em></strong></span> 
     </span>
     <span class='ocr_line' id='line_1_19' title="bbox 232 2106 1184 2204; baseline 0 -20"><span class='ocrx_word' id='word_1_152' title='bbox 232 2106 325 2184; x_wconf 83' lang='grc' dir='ltr'><strong><em>οὗτοι</em></strong></span> <span class='ocrx_word' id='word_1_153' title='bbox 361 2116 531 2203; x_wconf 91' lang='grc' dir='ltr'><strong><em>ἑάλωσαν,</em></strong></span> <span class='ocrx_word' id='word_1_154' title='bbox 568 2119 675 2184; x_wconf 87' lang='grc' dir='ltr'><strong><em>ταῦτα</em></strong></span> <span class='ocrx_word' id='word_1_155' title='bbox 703 2114 766 2203; x_wconf 73' lang='grc' dir='ltr'><strong><em>μὲν</em></strong></span> <span class='ocrx_word' id='word_1_156' title='bbox 793 2114 901 2185; x_wconf 88' lang='grc' dir='ltr'><strong><em>όπίσω</em></strong></span> <span class='ocrx_word' id='word_1_157' title='bbox 930 2125 1114 2204; x_wconf 90' lang='grc' dir='ltr'><strong><em>κομίσαντα</em></strong></span> <span class='ocrx_word' id='word_1_158' title='bbox 1151 2119 1184 2197; x_wconf 83' lang='grc' dir='ltr'><strong><em>ἐς</em></strong></span> 
     </span>
    </p>

    <p class='ocr_par' dir='ltr' id='par_1_5' title="bbox 196 2217 1223 2812">
     <span class='ocr_line' id='line_1_20' title="bbox 196 2217 1185 2306; baseline -0.002 -18"><span class='ocrx_word' id='word_1_159' title='bbox 196 2228 215 2278; x_wconf 75' lang='lat'><em>8</em></span> <span class='ocrx_word' id='word_1_160' title='bbox 232 2217 418 2304; x_wconf 87' lang='grc' dir='ltr'><strong><em>Δαμασκόν</em></strong></span> <span class='ocrx_word' id='word_1_161' title='bbox 435 2223 662 2306; x_wconf 88' lang='grc' dir='ltr'><strong><em>Παρμενίωνα</em></strong></span> <span class='ocrx_word' id='word_1_162' title='bbox 679 2217 863 2304; x_wconf 81' lang='grc' dir='ltr'><strong><em>φυλάσσειν</em></strong></span> <span class='ocrx_word' id='word_1_163' title='bbox 882 2219 1021 2287; x_wconf 82' lang='grc' dir='ltr'><strong><em>ἐκέλευε.</em></strong></span> <span class='ocrx_word' id='word_1_164' title='bbox 1047 2217 1129 2296; x_wconf 87' lang='grc' dir='ltr'><strong><em>τούς</em></strong></span> <span class='ocrx_word' id='word_1_165' title='bbox 1146 2217 1185 2286; x_wconf 71' lang='grc' dir='ltr'><strong><em>δὲ</em></strong></span> 
     </span>
     <span class='ocr_line' id='line_1_21' title="bbox 232 2316 1223 2409; baseline 0.001 -23"><span class='ocrx_word' id='word_1_166' title='bbox 232 2319 385 2405; x_wconf 88' lang='grc' dir='ltr'><strong><em>πρέσβεις</em></strong></span> <span class='ocrx_word' id='word_1_167' title='bbox 415 2320 484 2386; x_wconf 85' lang='grc' dir='ltr'><strong><em>νῦν</em></strong></span> <span class='ocrx_word' id='word_1_168' title='bbox 504 2316 671 2404; x_wconf 80' lang='grc' dir='ltr'><strong><em>Ἑλλήνων</em></strong></span> <span class='ocrx_word' id='word_1_169' title='bbox 702 2324 737 2386; x_wconf 83' lang='grc' dir='ltr'><strong><em>οἳ</em></strong></span> <span class='ocrx_word' id='word_1_170' title='bbox 758 2317 842 2407; x_wconf 87' lang='grc' dir='ltr'><strong><em>πρὸς</em></strong></span> <span class='ocrx_word' id='word_1_171' title='bbox 865 2331 1014 2409; x_wconf 83' lang='grc' dir='ltr'><strong><em>Δαρεῖον</em></strong></span> <span class='ocrx_word' id='word_1_172' title='bbox 1038 2318 1103 2407; x_wconf 91' lang='grc' dir='ltr'><strong><em>πρδ</em></strong></span> <span class='ocrx_word' id='word_1_173' title='bbox 1126 2321 1184 2405; x_wconf 74' lang='grc' dir='ltr'><strong><em>τῆς</em></strong></span> <span class='ocrx_word' id='word_1_174' title='bbox 1197 2347 1223 2388; x_wconf 83' lang='grc' dir='ltr'><strong><em>ιο</em></strong></span> 
     </span>
     <span class='ocr_line' id='line_1_22' title="bbox 231 2409 1186 2507; baseline 0.002 -21"><span class='ocrx_word' id='word_1_175' title='bbox 231 2418 339 2507; x_wconf 83' lang='grc' dir='ltr'><strong><em>μάχης</em></strong></span> <span class='ocrx_word' id='word_1_176' title='bbox 356 2417 534 2507; x_wconf 76' lang='grc' dir='ltr'><strong><em>άφιμμένοι</em></strong></span> <span class='ocrx_word' id='word_1_177' title='bbox 549 2409 655 2506; x_wconf 76' lang='grc' dir='ltr'><strong><em>ἦσαν,</em></strong></span> <span class='ocrx_word' id='word_1_178' title='bbox 682 2419 754 2487; x_wconf 80' lang='grc' dir='ltr'><strong><em>ἐπεὶ</em></strong></span> <span class='ocrx_word' id='word_1_179' title='bbox 771 2421 828 2487; x_wconf 79' lang='grc' dir='ltr'><strong><em>καὶ</em></strong></span> <span class='ocrx_word' id='word_1_180' title='bbox 845 2420 988 2499; x_wconf 88' lang='grc' dir='ltr'><strong><em>τούτους</em></strong></span> <span class='ocrx_word' id='word_1_181' title='bbox 1006 2421 1186 2490; x_wconf 80' lang='grc' dir='ltr'><strong><em>ἑαλωκέναι</em></strong></span> 
     </span>
     <span class='ocr_line' id='line_1_23' title="bbox 233 2511 1183 2609; baseline 0.001 -21"><span class='ocrx_word' id='word_1_182' title='bbox 233 2526 348 2608; x_wconf 79' lang='grc' dir='ltr'><strong><em>έμαδε,</em></strong></span> <span class='ocrx_word' id='word_1_183' title='bbox 361 2518 435 2609; x_wconf 89' lang='grc' dir='ltr'><strong><em>παρ’</em></strong></span> <span class='ocrx_word' id='word_1_184' title='bbox 450 2518 558 2589; x_wconf 87' lang='grc' dir='ltr'><strong><em>αύτδν</em></strong></span> <span class='ocrx_word' id='word_1_185' title='bbox 576 2520 716 2608; x_wconf 89' lang='grc' dir='ltr'><strong><em>πέμπειν</em></strong></span> <span class='ocrx_word' id='word_1_186' title='bbox 731 2521 892 2589; x_wconf 82' lang='grc' dir='ltr'><strong><em>ἐκέλευεν.</em></strong></span> <span class='ocrx_word' id='word_1_187' title='bbox 914 2511 1000 2608; x_wconf 83' lang='grc' dir='ltr'><strong><em>ἦσαν</em></strong></span> <span class='ocrx_word' id='word_1_188' title='bbox 1014 2519 1052 2589; x_wconf 70' lang='grc' dir='ltr'><strong><em>δέ</em></strong></span> <span class='ocrx_word' id='word_1_189' title='bbox 1063 2519 1183 2591; x_wconf 80' lang='grc' dir='ltr'><strong><em>Εὐθυ-</em></strong></span> 
     </span>
     <span class='ocr_line' id='line_1_24' title="bbox 232 2619 1184 2710; baseline 0.002 -22"><span class='ocrx_word' id='word_1_190' title='bbox 232 2624 315 2708; x_wconf 76' lang='grc' dir='ltr'><strong><em>κλῆς</em></strong></span> <span class='ocrx_word' id='word_1_191' title='bbox 327 2619 390 2708; x_wconf 79' lang='grc' dir='ltr'><strong><em>μὲν</em></strong></span> <span class='ocrx_word' id='word_1_192' title='bbox 404 2620 629 2710; x_wconf 81' lang='grc' dir='ltr'><strong><em>Σπαρτιάτης,</em></strong></span> <span class='ocrx_word' id='word_1_193' title='bbox 649 2627 873 2702; x_wconf 83' lang='grc' dir='ltr'><strong><em>Θεσσαλίσκος</em></strong></span> <span class='ocrx_word' id='word_1_194' title='bbox 890 2627 928 2690; x_wconf 89' lang='grc' dir='ltr'><strong><em>δε</em></strong></span> <span class='ocrx_word' id='word_1_195' title='bbox 941 2620 1110 2709; x_wconf 88' lang='grc' dir='ltr'><strong><em>Ἰσμηνίου</em></strong></span> <span class='ocrx_word' id='word_1_196' title='bbox 1128 2623 1184 2690; x_wconf 82' lang='grc' dir='ltr'><strong><em>καὶ</em></strong></span> 
     </span>
     <span class='ocr_line' id='line_1_25' title="bbox 234 2721 1185 2812; baseline -0.002 -20"><span class='ocrx_word' id='word_1_197' title='bbox 234 2722 493 2808; x_wconf 89' lang='grc' dir='ltr'><strong><em>Διονυσόδωρος</em></strong></span> <span class='ocrx_word' id='word_1_198' title='bbox 513 2721 790 2810; x_wconf 89' lang='grc' dir='ltr'><strong><em>Ὀλυμπιονίκης,</em></strong></span> <span class='ocrx_word' id='word_1_199' title='bbox 821 2730 979 2811; x_wconf 83' lang='grc' dir='ltr'><strong><em>Θηβαῖοι,</em></strong></span> <span class='ocrx_word' id='word_1_200' title='bbox 998 2721 1185 2812; x_wconf 89' lang='grc' dir='ltr'><strong><em>Ἰφικράτης</em></strong></span> 
     </span>
    </p>

    <p class='ocr_par' dir='ltr' id='par_1_6' title="bbox 198 2820 1324 3625">
     <span class='ocr_line' id='line_1_26' title="bbox 198 2820 1222 2912; baseline -0.001 -19"><span class='ocrx_word' id='word_1_201' title='bbox 198 2822 272 2893; x_wconf 71' lang='grc' dir='ltr'><strong><em>δδδ</em></strong></span> <span class='ocrx_word' id='word_1_202' title='bbox 295 2820 314 2890; x_wconf 89' lang='grc' dir='ltr'>ὁ</span> <span class='ocrx_word' id='word_1_203' title='bbox 333 2820 544 2910; x_wconf 90' lang='grc' dir='ltr'><strong><em>Ἰφικράτους</em></strong></span> <span class='ocrx_word' id='word_1_204' title='bbox 569 2825 631 2892; x_wconf 92' lang='grc' dir='ltr'><strong><em>τοῦ</em></strong></span> <span class='ocrx_word' id='word_1_205' title='bbox 655 2825 862 2912; x_wconf 78' lang='grc' dir='ltr'><strong><em>στρατηγοῦ,</em></strong></span> <span class='ocrx_word' id='word_1_206' title='bbox 887 2823 1076 2912; x_wconf 78' lang='grc' dir='ltr'><strong><em>Ἀθηναῖος.</em></strong></span> <span class='ocrx_word' id='word_1_207' title='bbox 1125 2825 1222 2893; x_wconf 77' lang='grc' dir='ltr'><strong><em>καίει</em></strong></span> 
     </span>
     <span class='ocr_line' id='line_1_27' title="bbox 232 2913 1184 3013; baseline 0.001 -20"><span class='ocrx_word' id='word_1_208' title='bbox 232 2913 325 2993; x_wconf 90' lang='grc' dir='ltr'><strong><em>οῦτοι</em></strong></span> <span class='ocrx_word' id='word_1_209' title='bbox 349 2921 395 3003; x_wconf 82' lang='grc' dir='ltr'><strong><em>άς</em></strong></span> <span class='ocrx_word' id='word_1_210' title='bbox 418 2913 501 3009; x_wconf 77' lang='grc' dir='ltr'><strong><em>ἧκον</em></strong></span> <span class='ocrx_word' id='word_1_211' title='bbox 519 2921 595 3012; x_wconf 77' lang='grc' dir='ltr'><strong><em>παρ’</em></strong></span> <span class='ocrx_word' id='word_1_212' title='bbox 608 2923 847 3012; x_wconf 86' lang='grc' dir='ltr'><strong><em>Ἀλέξανδρον,</em></strong></span> <span class='ocrx_word' id='word_1_213' title='bbox 878 2933 1105 2996; x_wconf 82' lang='grc' dir='ltr'><strong><em>Θεσσαλίσκον</em></strong></span> <span class='ocrx_word' id='word_1_214' title='bbox 1122 2924 1184 3013; x_wconf 73' lang='grc' dir='ltr'><strong><em>μἐν</em></strong></span> 
     </span>
     <span class='ocr_line' id='line_1_28' title="bbox 231 3024 1185 3115; baseline 0.004 -23"><span class='ocrx_word' id='word_1_215' title='bbox 231 3025 289 3093; x_wconf 83' lang='grc' dir='ltr'><strong><em>καὶ</em></strong></span> <span class='ocrx_word' id='word_1_216' title='bbox 306 3024 586 3114; x_wconf 89' lang='grc' dir='ltr'><strong><em>Διονυσόδωρον,</em></strong></span> <span class='ocrx_word' id='word_1_217' title='bbox 608 3033 729 3114; x_wconf 90' lang='grc' dir='ltr'><strong><em>καίπερ</em></strong></span> <span class='ocrx_word' id='word_1_218' title='bbox 748 3033 918 3115; x_wconf 82' lang='grc' dir='ltr'><strong><em>Θηβαίους</em></strong></span> <span class='ocrx_word' id='word_1_219' title='bbox 936 3024 1054 3115; x_wconf 83' lang='grc' dir='ltr'><strong><em>ὄντας,</em></strong></span> <span class='ocrx_word' id='word_1_220' title='bbox 1078 3025 1185 3105; x_wconf 80' lang='grc' dir='ltr'><strong><em>εύθῦς</em></strong></span> 
     </span>
     <span class='ocr_line' id='line_1_29' title="bbox 231 3124 1185 3216; baseline 0.003 -23"><span class='ocrx_word' id='word_1_221' title='bbox 231 3124 358 3214; x_wconf 80' lang='grc' dir='ltr'><strong><em>άφῆκε,</em></strong></span> <span class='ocrx_word' id='word_1_222' title='bbox 386 3129 425 3194; x_wconf 86' lang='grc' dir='ltr'><strong><em>τό</em></strong></span> <span class='ocrx_word' id='word_1_223' title='bbox 455 3127 518 3214; x_wconf 92' lang='grc' dir='ltr'><strong><em>μέν</em></strong></span> <span class='ocrx_word' id='word_1_224' title='bbox 546 3152 578 3194; x_wconf 90' lang='grc' dir='ltr'><strong><em>τι</em></strong></span> <span class='ocrx_word' id='word_1_225' title='bbox 600 3134 799 3197; x_wconf 86' lang='grc' dir='ltr'><strong><em>κατοικτίσει</em></strong></span> <span class='ocrx_word' id='word_1_226' title='bbox 820 3131 889 3196; x_wconf 83' lang='grc' dir='ltr'><strong><em>νῦν</em></strong></span> <span class='ocrx_word' id='word_1_227' title='bbox 913 3130 1054 3216; x_wconf 80' lang='grc' dir='ltr'><strong><em>Θηβῶν,</em></strong></span> <span class='ocrx_word' id='word_1_228' title='bbox 1084 3127 1122 3196; x_wconf 86' lang='grc' dir='ltr'><strong><em>νδ</em></strong></span> <span class='ocrx_word' id='word_1_229' title='bbox 1147 3126 1185 3197; x_wconf 78' lang='grc' dir='ltr'><strong><em>δδ</em></strong></span> 
     </span>
     <span class='ocr_line' id='line_1_30' title="bbox 231 3222 1183 3319; baseline 0.004 -25"><span class='ocrx_word' id='word_1_230' title='bbox 231 3222 281 3294; x_wconf 81' lang='grc' dir='ltr'><strong><em>ὅτι</em></strong></span> <span class='ocrx_word' id='word_1_231' title='bbox 299 3227 497 3314; x_wconf 81' lang='grc' dir='ltr'><strong><em>συγγνωστά</em></strong></span> <span class='ocrx_word' id='word_1_232' title='bbox 516 3231 712 3318; x_wconf 76' lang='grc' dir='ltr'><strong><em>δεδρακέναι</em></strong></span> <span class='ocrx_word' id='word_1_233' title='bbox 730 3232 927 3316; x_wconf 84' lang='grc' dir='ltr'><strong><em>ἐφαίνοντο,</em></strong></span> <span class='ocrx_word' id='word_1_234' title='bbox 956 3227 1183 3319; x_wconf 80' lang='grc' dir='ltr'><strong><em>ἠνδραποδισ-</em></strong></span> 
     </span>
     <span class='ocr_line' id='line_1_31' title="bbox 230 3326 1288 3420; baseline 0.003 -25"><span class='ocrx_word' id='word_1_235' title='bbox 230 3327 332 3416; x_wconf 90' lang='grc' dir='ltr'><strong><em>μένης</em></strong></span> <span class='ocrx_word' id='word_1_236' title='bbox 344 3326 413 3397; x_wconf 86' lang='grc' dir='ltr'><strong><em>ύπδ</em></strong></span> <span class='ocrx_word' id='word_1_237' title='bbox 423 3329 633 3400; x_wconf 88' lang='grc' dir='ltr'><strong><em>Μακεδόνων</em></strong></span> <span class='ocrx_word' id='word_1_238' title='bbox 645 3335 704 3417; x_wconf 82' lang='grc' dir='ltr'><strong><em>τῆς</em></strong></span> <span class='ocrx_word' id='word_1_239' title='bbox 717 3335 877 3420; x_wconf 89' lang='grc' dir='ltr'><strong><em>πατρίδος</em></strong></span> <span class='ocrx_word' id='word_1_240' title='bbox 891 3338 1007 3417; x_wconf 88' lang='grc' dir='ltr'><strong><em>σφίσιν</em></strong></span> <span class='ocrx_word' id='word_1_241' title='bbox 1019 3358 1055 3400; x_wconf 91' lang='grc' dir='ltr'><strong><em>τε</em></strong></span> <span class='ocrx_word' id='word_1_242' title='bbox 1066 3328 1184 3418; x_wconf 82' lang='grc' dir='ltr'><strong><em>ἥντινα</em></strong></span> <span class='ocrx_word' id='word_1_243' title='bbox 1195 3356 1222 3398; x_wconf 85' lang='grc' dir='ltr'><strong><em>οο</em></strong></span> <span class='ocrx_word' id='word_1_244' title='bbox 1286 3330 1288 3336; x_wconf 67' lang='grc'>’</span> 
     </span>
     <span class='ocr_line' id='line_1_32' title="bbox 230 3428 1324 3521; baseline 0.001 -21"><span class='ocrx_word' id='word_1_245' title='bbox 230 3428 402 3519; x_wconf 76' lang='grc' dir='ltr'><strong><em>ἠδύναντο</em></strong></span> <span class='ocrx_word' id='word_1_246' title='bbox 425 3429 589 3520; x_wconf 75' lang='grc' dir='ltr'><strong><em>ὠφέλειαν</em></strong></span> <span class='ocrx_word' id='word_1_247' title='bbox 612 3430 839 3521; x_wconf 76' lang='grc' dir='ltr'><strong><em>εὑρισκόμενοι</em></strong></span> <span class='ocrx_word' id='word_1_248' title='bbox 854 3433 912 3501; x_wconf 81' lang='grc' dir='ltr'><strong><em>καὶ</em></strong></span> <span class='ocrx_word' id='word_1_249' title='bbox 930 3441 962 3503; x_wconf 85' lang='grc' dir='ltr'><strong><em>εί</em></strong></span> <span class='ocrx_word' id='word_1_250' title='bbox 977 3433 1020 3520; x_wconf 85' lang='grc' dir='ltr'><strong><em>δη’</em></strong></span> <span class='ocrx_word' id='word_1_251' title='bbox 1035 3458 1110 3501; x_wconf 88' lang='grc' dir='ltr'><strong><em>τινα</em></strong></span> <span class='ocrx_word' id='word_1_252' title='bbox 1126 3432 1184 3501; x_wconf 85' lang='grc' dir='ltr'><strong><em>καὶ</em></strong></span> <span class='ocrx_word' id='word_1_253' title='bbox 1323 3439 1324 3442; x_wconf 69' lang='grc'>’</span> 
     </span>
     <span class='ocr_line' id='line_1_33' title="bbox 230 3532 1184 3625; baseline 0.001 -25"><span class='ocrx_word' id='word_1_254' title='bbox 230 3535 271 3620; x_wconf 78' lang='grc' dir='ltr'><strong><em>τῇ</em></strong></span> <span class='ocrx_word' id='word_1_255' title='bbox 291 3538 428 3623; x_wconf 90' lang='grc' dir='ltr'><strong><em>πατρίδι</em></strong></span> <span class='ocrx_word' id='word_1_256' title='bbox 442 3536 478 3603; x_wconf 83' lang='grc' dir='ltr'><strong><em>ἐκ</em></strong></span> <span class='ocrx_word' id='word_1_257' title='bbox 492 3536 635 3625; x_wconf 80' lang='grc' dir='ltr'><strong><em>Περσῶν</em></strong></span> <span class='ocrx_word' id='word_1_258' title='bbox 647 3535 704 3602; x_wconf 82' lang='grc' dir='ltr'><strong><em>καὶ</em></strong></span> <span class='ocrx_word' id='word_1_259' title='bbox 719 3541 882 3622; x_wconf 89' lang='grc' dir='ltr'><strong><em>Δαρείου,</em></strong></span> <span class='ocrx_word' id='word_1_260' title='bbox 900 3537 1007 3602; x_wconf 89' lang='grc' dir='ltr'><strong><em>ταῦτα</em></strong></span> <span class='ocrx_word' id='word_1_261' title='bbox 1019 3533 1082 3622; x_wconf 76' lang='grc' dir='ltr'><strong><em>μὲν</em></strong></span> <span class='ocrx_word' id='word_1_262' title='bbox 1094 3532 1184 3619; x_wconf 77' lang='grc' dir='ltr'><strong><em>ύπδρ</em></strong></span> 
     </span>
    </p>
   </div>
   <div class='ocr_carea' id='block_1_3' title="bbox 0 0 1336 3946">
    <p class='ocr_par' dir='ltr' id='par_1_7' title="bbox 0 0 1336 3946">
     <span class='ocr_line' id='line_1_34' title="bbox 0 0 1336 3946; baseline 0 0"><span class='ocrx_word' id='word_1_263' title='bbox 0 0 1336 3946; x_wconf 95' lang='lat' dir='ltr'><strong><em> </em></strong></span> 
     </span>
    </p>
   </div>
  </div>
 </body>
</html>
