2664 3946
218 255 280 320 124
570 251 820 308 ελεΞΔαΔΡοτ

217 396 345 483 πολλὴν
365 402 461 484 ἔλαβε
483 395 541 463 καὶ
564 392 679 462 αύτῶν
704 399 752 462 ἔτι
775 395 814 462 ἐν
838 406 913 472 ταῖς
930 389 1047 472 εύναλς
1066 389 1176 462 ὄντων

218 498 366 577 πολλούς
393 495 601 564 ἀπέκτεινεν·
628 499 665 563 οί
689 493 727 562 δέ
753 491 933 581 ἀπέφυγον
959 500 1008 574 είς
1033 494 1075 562 τοὶ
1103 493 1174 584 ὅρη.

219 599 323 678 αύτὸς
337 597 375 667 δέ
388 595 440 686 ᾔει
453 602 586 684 σπονδῇ
602 597 657 665 ἐπὶ
670 597 712 663 τὰ
726 595 839 683 στενοί,
853 599 910 664 ἵνα
924 594 1176 682 ἀπαντήσεσθαι

218 706 255 770 οί
265 698 379 781 Ούξιοι
388 699 554 786 πανδημεὶ
566 697 720 785 ἐδόκουν,
733 697 916 784 ληψόμενοι
927 697 968 766 τοὶ
980 697 1173 784 τεταγμένα.

185 817 202 866 4
220 802 394 891 Κράτερον
411 800 450 871 δέ
469 804 516 868 έτι
533 798 684 888 πρόσθεν
709 797 881 867 ἀπέστειλε
902 799 943 866 τοὶ
967 796 1053 887 ἄκρα
1071 819 1201 868 κατα-5

219 903 409 992 ληψόμενον
420 907 505 971 ἔνθα
516 898 596 992 ᾤετο
605 899 821 987 βιαζομένους
834 899 915 978 τούς
928 898 1075 981 Οὐξίους
1089 898 1175 968 ιἰπο-

219 1004 392 1094 χωρήσειν.
424 1001 529 1081 αύτός
542 1000 580 1070 δέ
594 1003 708 1092 πολλῷ
726 1001 817 1087 τύχει
834 998 901 1089 ᾔει·
928 1003 986 1069 καὶ
1000 1000 1125 1088 φθόνει
1140 1027 1176 1068 τε

219 1104 386 1195 κρατήσας
395 1108 463 1172 τῶν
473 1102 631 1191 παρόδων
643 1104 701 1170 καὶ
711 1100 996 1190 ξυντεταγμένους
1004 1101 1085 1181 τούς
1095 1101 1173 1189 ἄμφ’

220 1207 327 1277 αύτόν
346 1212 431 1292 ἔχων
456 1206 489 1286 ἐξ
513 1202 721 1292 ύπερδεξίων
745 1211 879 1292 χωρίων
903 1205 1026 1290 ἐπῆγεν
1051 1201 1097 1284 οἱς
1122 1205 1177 1272 ἐπὶ

186 1310 301 1389 στούς
323 1306 527 1397 βαρβάρους.
569 1310 606 1373 οί
626 1305 683 1392 δέ,
713 1308 761 1396 τῷ
784 1331 821 1373 τε
842 1304 934 1391 τύχει
955 1303 1176 1392 Ἀλεξάνδρου
1190 1333 1216 1373 ιο

222 1409 441 1496 ἐκπλαγέντες
459 1409 516 1475 καὶ
533 1421 605 1484 τοῖς
622 1414 773 1494 χωρίοις,
798 1401 850 1484 οἷς
873 1406 1015 1493 μάλιστα
1037 1407 1079 1493 δὴ
1099 1409 1176 1476 ἐπε-

221 1520 405 1598 ποίθεσαν,
424 1507 738 1595 πλεονεκτούμενοι,
757 1513 886 1594 ἔφυγον
904 1505 985 1576 ούδέ
998 1513 1046 1586 είς
1063 1523 1176 1596 χεῖρας

222 1613 396 1691 ἐλθόντες·
423 1611 481 1678 καὶ
499 1615 535 1678 οί
549 1607 611 1696 μέν
625 1608 740 1676 αύτῶν
757 1607 826 1676 ύπό
839 1612 909 1676 τῶν
922 1607 1002 1696 ἄμφ’
1018 1608 1176 1690 Ἀλέξαν-

222 1720 305 1802 δρον
322 1711 360 1781 έν
377 1715 419 1800 τῇ
439 1713 533 1799 φυγῇ
550 1709 739 1797 ἀπέθανον,
757 1711 875 1778 πολλοὶ
889 1709 928 1778 δέ
941 1712 997 1778 καὶ
1010 1709 1095 1779 κατὰ
1114 1711 1176 1796 τὴν

222 1815 304 1884 ὁδὸν
330 1812 510 1901 κρημνώδη
535 1802 658 1880 οὖσαν·
692 1815 729 1879 οί
749 1818 897 1880 πλεῖστοι
921 1810 958 1880 δέ
984 1813 1039 1880 ἐπὶ
1057 1811 1098 1880 τόι
1116 1809 1176 1900 όρη
1191 1837 1217 1877 ιε
1314 1872 1325 1899 J„

222 1914 473 2005 ἀναφεύγοντες
492 1917 714 2000 ἐμπίπτουσιν
733 1915 766 1991 ές
792 1912 873 1992 τούς
897 1911 985 2000 ἀμφὶ
1005 1912 1177 2002 Κράτερον

187 2019 280 2085 οκαὶ
302 2015 371 2085 ύπό
402 2014 533 2084 τούτων
555 2012 740 2083 ἀπώλοντο.
785 2016 892 2082 ταῦτα
921 2013 963 2081 τύ
995 2014 1078 2102 γέρα
1102 2012 1176 2102 παρ’

217 2117 440 2205 Ἀλεξάνδρον
455 2115 613 2205 λαβόντες
626 2116 778 2201 χαλεπῶς
787 2112 926 2203 εὕροντο
937 2113 1088 2202 δεόμενοι
1101 2115 1176 2204 παρ’

223 2217 330 2289 αύτοῦ
345 2218 408 2304 τὴν
421 2218 534 2304 χώραν
551 2217 613 2302 τὴν
631 2219 730 2303 σφῶν
749 2221 879 2302 ἔχοντες
897 2216 1027 2304 φόρους
1044 2214 1106 2286 ὅσα
1121 2222 1178 2304 έτη

220 2319 429 2411 Ἀλεξάνδρῳ
439 2317 632 2406 ἀποφέρειν.
658 2324 866 2404 Πτολεμαῖος
879 2317 917 2386 δὲ
931 2315 1077 2404 ὁΛύγου
1090 2317 1178 2402 λέγει
1191 2343 1219 2384 εο

222 2421 285 2510 τὴν
303 2429 453 2507 Δαρείου
471 2418 597 2508 μητέρα
615 2420 776 2506 δεηθῆναι
792 2415 880 2506 ύπέρ
894 2416 1009 2488 αύτῶν
1023 2417 1179 2500 Ἀλεξάν-

224 2527 309 2612 δρου
327 2525 453 2592 δοῦναί
468 2540 561 2609 σφισι
582 2519 645 2606 τὴν
662 2519 776 2608 χώραν
793 2526 909 2589 οἰκεῖν.
941 2518 959 2587 ὁ
979 2519 1085 2608 φόρος
1102 2520 1141 2590 δέ
1159 2517 1178 2588 δ

224 2625 426 2711 συνταχθεὶς
448 2613 491 2710 ἦν
515 2626 611 2691 ἵπποι
635 2623 669 2700 ές
694 2627 766 2699 ἔτος
791 2620 910 2689 έκατόν
933 2623 990 2690 καὶ
1013 2619 1179 2707 ύποζύγια

224 2725 425 2794 πεντακόσια
448 2725 504 2792 καὶ
529 2722 680 2811 πρόβατα
709 2722 896 2811 τρισμύρια.
931 2723 1084 2812 χρήματα
1114 2724 1180 2812 γὰρ

225 2825 289 2894 ούκ
306 2816 348 2912 ἦν
362 2823 497 2906 Ούξίοις
511 2821 592 2892 οὐδὲ
609 2826 652 2908 γῆ
666 2827 722 2891 οἵα
741 2824 948 2913 ἐργάξεσθαι,
965 2823 1051 2892 ἀλλὰ
1064 2841 1179 2912 νομεῖς
1192 2851 1219 2892 ω

225 2925 341 2995 αύτῶν
365 2930 401 2994 oi
415 2926 534 2993 πολλοὶ
551 2915 647 3010 ἦσαν.

178 3036 216 3100 18
297 3024 352 3096 Ἐκ
365 3025 404 3095 δὲ
416 3025 540 3095 τούτου
553 3025 594 3094 τοὶ
607 3025 670 3112 μέν
684 3025 876 3115 σκευοφόρα
889 3028 946 3095 καὶ
959 3026 1041 3105 τούς
1056 3035 1182 3096 Θεττα-

225 3125 308 3207 λούς
323 3128 444 3207 ίππέας
461 3128 520 3196 καὶ
536 3125 617 3205 τούς
630 3127 824 3214 ξυμμάχους
841 3130 899 3197 καὶ
916 3127 997 3208 τούς
1010 3127 1182 3216 μισθοφό-

225 3256 307 3319 ρους
324 3228 405 3308 τούς
429 3229 547 3310 ξένους
570 3229 627 3296 καὶ
652 3225 727 3296 ὅσοι
744 3226 838 3298 ἄλλοι
853 3232 915 3299 τοῦ
936 3229 1183 3318 στρατεύματος

225 3330 412 3420 βαρύτερον
426 3330 627 3418 ὠπλισμένοι
640 3330 704 3412 ξύν
717 3339 932 3420 Παρμενίωνι
952 3333 1121 3418 ἐκπέμπει,
1136 3327 1182 3409 ὥς
1195 3357 1223 3397 ιο

227 3434 283 3501 ἐπὶ
297 3434 431 3520 Πέρσας
448 3430 542 3518 ἄγειν
559 3430 642 3501 κατὰ
660 3432 721 3519 τὴν
740 3428 899 3519 ἁμαξιτὸν
916 3432 977 3520 τὴν
997 3435 1031 3512 ές
1049 3434 1184 3518 Πέρσας

192 3535 408 3621 λφέρουσαν.
452 3532 556 3614 αύτός
580 3532 619 3603 δέ
635 3535 716 3612 τούς
742 3534 858 3615 πεζούς
882 3533 963 3613 τούς
981 3533 1184 3612 Μακεδόνας
