2590 3948
235 187 300 252 290
589 183 839 244 ειεωιειιεου

201 363 220 412 ο
239 351 378 426 δικαίως
387 341 430 414 ῦν
443 342 600 434 βασιλεῦς
612 352 804 414 καλείσθω·
822 341 903 424 τοῦς
916 343 981 434 γάρ
994 370 1044 414 τοι
1053 347 1210 432 Περσῶν

237 450 294 518 καὶ
318 446 449 534 Μήδων
473 446 641 535 βασιλέας,
667 439 750 514 οῦδὲ
774 450 838 515 τοῦ
864 451 1048 514 πολλοστοῦ
1074 449 1210 533 μέρους

237 553 296 637 τής
319 544 430 628 Ἀσίας
457 548 673 634 ἐπάρχοντας,
700 543 742 616 οῦ
769 546 836 616 σῦν
862 551 941 636 δίκη
966 554 1082 616 καλεῖν
1109 552 1208 633 σφᾶς

237 648 402 738 μεγάλους
427 649 592 737 βασιλέας.
636 653 737 718 ἐνθεν
754 646 792 718 δὲ
818 652 855 717 οί
867 647 930 736 μὲν
948 644 1132 736 [λέγουσιν]
1153 648 1207 716 ὅτι

239 753 273 832 ἐς
303 749 364 820 τόν
398 749 523 819 πόντον
552 748 613 819 τόν
644 746 805 831 Εὔξεινον
841 751 976 818 ἐσπλεῖν
1006 748 1137 818 ἐπενόει
1171 752 1232 828 ἐςς

241 852 387 930 Σκύθας
413 876 451 919 τε
476 850 533 920 καί
557 849 620 936 τήν
637 853 793 920 Μαιῶτιν
810 856 945 938 λίμνην,
971 855 1007 918 οί
1021 852 1070 936 δέ,
1098 847 1152 919 ὅτι
1173 851 1207 930 ἐς

240 959 403 1024 Σικελίαν
428 952 545 1021 τεκαὶ
570 952 632 1041 τήν
658 957 813 1022 Μαιῶτιν
839 957 979 1039 λίμνην,
1006 956 1042 1020 οί
1065 949 1124 1038 δὲ,
1152 949 1207 1020 ὅτι

242 1057 275 1134 ἐς
295 1059 455 1124 Σικελίαν
480 1078 516 1122 τε
541 1055 599 1122 καὶ
624 1051 732 1139 ἄκραν
746 1050 937 1139 Ἰαπυγίαν·
970 1049 1033 1140 ήδη
1059 1047 1206 1139 γάρκαὶ

239 1153 417 1224 ῦποκινείν
451 1151 559 1224 αὐτόν
592 1154 631 1222 τὸ
659 1154 828 1242 Ῥωμαίων
858 1149 965 1242 ὄνομα
1000 1155 1206 1243 προχωροῦν

241 1257 297 1326 ἐπὶ
323 1256 418 1344 μέγα.
1217 1291 1238 1330 ¹⁰

206 1361 223 1413 ⁴
312 1355 395 1444 Ἐγῶ
421 1355 460 1426 δέ
486 1355 589 1426 ὁποία
611 1355 673 1444 μὲν
690 1346 733 1442 ήν
748 1349 969 1442 Ἀλεξάνδρου
985 1356 1026 1423 τά
1047 1356 1205 1443 ἐνθυμή·

240 1474 329 1546 ματα
352 1455 431 1527 οὔτε
457 1463 522 1546 ἔχω
549 1456 615 1545 ἐγιδ
641 1453 789 1544 ἀτρεκῶς
815 1459 998 1544 ξυμβαλεῖν
1015 1454 1095 1526 οῦτε
1113 1465 1206 1543 μέλει

243 1566 354 1646 ἐμοιγε
380 1558 538 1642 εἰκάζειν·
566 1561 675 1628 ἐκεῖνο
701 1557 739 1626 δέ
764 1558 822 1626 καί
848 1554 952 1636 αῦτδς
978 1553 1021 1626 ῶν
1037 1585 1094 1645 μοι
1113 1561 1205 1626 δοκῶ

243 1665 496 1748 ἰσχυρίσασθαι,
522 1657 602 1728 οῦτε
619 1656 739 1747 μικρόν
756 1683 787 1727 τι
811 1660 868 1728 καὶ
894 1662 1028 1746 φαῦλον
1055 1662 1205 1728 ἐπινοεῖν

237 1759 459 1848 Ἀλέξανδρον
486 1757 563 1829 οῦτε
588 1774 699 1847 μεῖναι
724 1755 769 1828 ἂν
786 1756 994 1848 ἀτρεμοῦντα
1013 1757 1064 1830 ἐπ’
1084 1758 1234 1831 οῦδενλο

240 1865 309 1929 τῶν
322 1859 385 1948 ήδη
402 1862 623 1949 κεκτημένων,
642 1858 722 1929 οῦδὲ
740 1865 772 1929 εἰ
787 1861 849 1946 τήν
863 1859 1034 1948 Εῦρόπην
1051 1865 1097 1950 τῇ
1106 1859 1205 1952 Ἀσίη

242 1963 464 2051 προσέθηκεν,
491 1960 567 2030 οὐδ’
588 1968 620 2032 εί
635 1962 693 2041 τὰς
711 1965 908 2048 Βρεττανῶν
924 1961 1050 2050 νήσους
1066 1967 1110 2051 τῇ
1130 1961 1204 2033 Εῦ-

242 2063 350 2153 ρόιιη,
374 2061 460 2130 άλλά
488 2068 535 2131 ἐτι
552 2056 595 2131 ἂν
613 2061 666 2130 ἐπ’
687 2064 798 2130 ἐκεῖνα
815 2069 922 2150 ζητεῖν
939 2089 973 2132 τι
990 2067 1058 2131 τῶν
1075 2061 1204 2151 ήγνοη-

241 2166 366 2250 μένων,
392 2169 425 2234 εί
450 2165 507 2233 καί
533 2160 578 2252 μή
605 2158 697 2255 ῶλλω
723 2189 782 2255 τω,
808 2162 893 2231 ἀλλὰ
920 2160 1027 2232 αὐτόν
1050 2191 1089 2250 γε
1109 2164 1202 2256 αῦτῷ

207 2279 225 2329 σ
244 2268 401 2353 ἐρίζοντα.
442 2267 500 2333 καὶ
528 2265 583 2333 ἐπὶ
609 2231 696 2355 τῶδε
714 2267 839 2332 ἐπαινῶ
856 2262 937 2345 τοῦς
955 2263 1116 2352 σοφιστάς
1133 2269 1204 2334 τῶν
1216 2298 1236 2338 ει

237 2356 419 2452 Ἰνδῶν,
393 2392 441 2433 ων
459 2365 615 2491 λέγουσιν
633 2333 722 2435 ἐστιν
747 2361 809 2445 οῦς
834 2366 1163 2454 καταληφθέντας“
1138 2363 1203 2436 υπ’
1256 2413 1257 2459 η

238 2464 459 2556 Ἀλεξάνδρου
485 2464 632 2555 ῦπαιθρί
631 2494 691 2547 ους
718 2467 755 2535 ἐν
772 2471 963 2554 λειμῶνι,“
948 2492 1067 2556 ιναπερ
1086 2466 1205 2549 αὐτοῖς
1255 2489 1256 2541 λ

243 2559 456 2658 διατριβαί
434 2590 534 2655 ησαν,
560 2566 642 2637 ἄλλο
667 2566 731 2656 μὲν
758 2565 861 2636 οῦδὲν
887 2574 1021 2656 ποιήσαι
1038 2568 1125 2657 πρὸς
1143 2571 1205 2657 τήν
1253 2551 1255 2626 ί

243 2665 322 2752 όιγιν
348 2666 456 2738 αὐτοῦ
483 2695 518 2738 τε
544 2669 664 2736 καὶ
625 2696 684 2754 της
711 2670 878 2756 στρατιάς,
904 2669 1039 2760 κροόειν
1066 2670 1107 2739 δὲ
1132 2687 1205 2751 τοῖς

243 2769 384 2838 ποσὶ
349 2796 411 2856 την
436 2771 501 2856 γήν
527 2761 631 2856 ἐφ’
609 2796 648 2856 ης
665 2761 879 2857 βεβηκότες
857 2793 954 2856 ησαν.
988 2768 1032 2851 ῶς
1051 2769 1128 2840 &V
1107 2798 1236 2860 ηρετοε

240 2868 457 2958 Ἀλέξανδρος
476 2867 520 2937 δι’
542 2871 711 2959 ἑρμηνέων
729 2868 748 2938 ὅ
764 2897 797 2939 τι
808 2885 886 2939 νοοῖ
897 2869 1015 2951 αῦτοίς
1031 2870 1070 2940 τό
1090 2878 1206 2960 ἔργον,

208 2996 226 3045 ς
244 2969 324 3049 τοῦς
350 2969 389 3038 δὲ
413 2966 662 3061 ὑποκρίνασθαι
680 2961 760 3040 ῶδε·
798 2963 825 3039 ό
841 2976 978 3060 βασιλεῦ
994 2970 1206 3062 Ἀλέξανδρε,

245 3070 426 3157 ἅνθρωπος
460 3070 523 3160 μέν
555 3073 692 3152 ἕκαστος
724 3070 864 3142 τοσόνδε
895 3079 954 3160 τής
985 3077 1045 3160 γής
1077 3077 1208 3163 κατέχει

245 3169 389 3262 ὅσονπερ
415 3171 516 3242 τοῦτό
543 3175 631 3243 ἐστιν
657 3169 712 3260 ἐφ’
741 3169 822 3244 ὅτου
852 3174 1054 3263 βεβήκαμεν·
1095 3173 1140 3244 οῦ
1170 3175 1207 3244 δὲ

245 3271 426 3364 ἄνθρωπος
445 3267 493 3340 ῶν
510 3273 741 3363 παραπλήσιος
759 3289 830 3354 τοίς
847 3273 972 3362 ἄλλοις,
999 3274 1089 3362 πλήν
1107 3304 1147 3364 γε
1166 3277 1235 3364 δήν

246 3371 295 3443 ότι
321 3371 572 3461 πολυπράγμων
596 3375 654 3442 καὶ
680 3373 881 3462 ἀτάσθαλος,
907 3373 972 3445 άπὸ
998 3379 1058 3464 τής
1076 3384 1207 3459 οίκείας

246 3473 415 3559 τοσαύτην
435 3478 499 3559 γῆν
514 3474 670 3564 ἐπεξέρχη
685 3475 862 3565 πράγματα
877 3482 962 3565 ἔχων
975 3477 1080 3548 τεκαὶ
1099 3481 1207 3569 παρί-
