2664 3946
444 261 776 326 mmmmm.
1061 259 1104 325 85

140 400 184 468 τά
202 399 241 469 δέ
265 398 351 489 πρός
372 399 462 491 αύτῇ
486 405 530 490 τῇ
553 401 665 489 πόλει,
689 406 747 471 ἵνα
768 401 807 471 τὸ
828 399 1024 489 βαθύτατον
1040 402 1103 471 τού

142 502 308 590 διάπλου,
331 505 435 592 τριῶν
458 503 601 592 μάλιστα
625 503 776 591 ὀργυιῶν
799 504 837 572 τὸ
861 504 980 591 βάθος.
1016 501 1103 573 άλλιὶ

138 610 253 676 ,λίθων
266 631 302 672 τε
319 607 456 673 πολλῶν
473 603 628 692 ἀφθονία
644 597 687 690 ἦν
703 605 762 674 καὶ
778 601 880 694 ύλης,
897 603 1015 693 ἥντινα
1032 620 1104 685 τοῖς

143 712 255 784 λίθοις
279 703 415 776 ἄνωθεν
440 703 648 795 ἐπεφόρουν·
678 706 822 795 χάρακές
839 733 876 775 τε
892 705 933 776 ού
951 709 1104 794 χαλεπῶς

4 847 6 862 ν
113 805 397 894 οκατεπήγυυντο
420 805 458 876 έν
474 811 523 899 τῷ
542 810 637 898 πηλῷ
655 810 712 876 καὶ
735 807 840 889 αύτός
857 805 876 877 ό
895 808 1001 897 πηλός
1018 807 1104 890 ξύν-

142 913 263 996 δεσμος
293 924 366 990 τοῖς
389 917 500 990 λίθοις
524 907 560 988 ές
586 911 625 978 τὸ
651 907 819 995 ἐπιμένειν
844 908 1006 996 ἐγίγνετο.
1045 911 1139 983 καὶλ

142 1018 320 1099 προθυμία
333 1012 403 1080 τῶν
416 1009 632 1081 Μακεδόνων
646 1018 695 1090 είς
708 1010 746 1078 τό
763 1018 863 1100 ἔργον
876 1013 934 1080 καὶ
946 1009 1104 1093 Ἀλεξάν-

142 1116 228 1199 δρου
247 1112 355 1198 πολλὴ
372 1103 415 1198 ἦν
434 1113 602 1202 παρόντος
627 1138 663 1180 τε
679 1110 787 1181 αὐτοῦ
812 1115 870 1182 καὶ
889 1116 1011 1184 ἕκαστα
1029 1111 1105 1201 ε’ξη·

142 1211 314 1300 γουμένοο
339 1217 397 1282 καὶ
421 1214 463 1282 τά
486 1214 549 1303 μὲν
574 1213 665 1304 λόγῳ
689 1210 905 1303 ἐπαίροντος,
927 1213 968 1282 τά
992 1214 1030 1284 δὲ
1047 1215 1105 1282 καὶ

105 1343 129 1383 ιο
142 1314 288 1402 χρήμασι
304 1315 387 1394 τούς
410 1341 443 1384 τι
460 1312 724 1405 ἐκπρεπέστερον
740 1314 814 1384 κατ’
834 1313 957 1404 ἀρετὴν
975 1339 1105 1384 πονου·

142 1414 268 1504 μένους
292 1415 576 1505 έπικουφιζουτος.
609 1415 687 1485 ἄλλ’
713 1424 786 1487 ἔστε
807 1417 870 1505 μὲν
894 1415 933 1484 τό
953 1416 1038 1505 πρὸς
1061 1417 1104 1505 τῇ

142 1516 273 1608 ἠπείρῳ
291 1514 477 1606 ε’χῶνυυτο,
496 1517 538 1588 ού
557 1522 711 1606 χαλεπῶς
729 1516 918 1609 προύχάρει
934 1517 972 1586 τὸ
992 1524 1105 1606 ἔργον,

144 1617 202 1688 έπὶ
219 1618 327 1708 βάθος
345 1645 382 1688 τε
399 1617 517 1707 ὀλίγον
530 1619 749 1708 χωννύμενον
762 1623 819 1690 καὶ
837 1617 978 1700 ούδενδς
996 1618 1104 1707 έξείρ-

142 1748 273 1807 γουτος.
317 1719 363 1799 ῶς
387 1720 426 1790 δὲ
448 1724 495 1812 τῷ
522 1749 558 1790 τε
580 1721 761 1814 βαθυτέρῳ
784 1720 847 1812 ἤδη
872 1720 1030 1805 ἐπέλαζον
1046 1722 1139 1788 καὶὸ

104 1851 131 1892 ιε
145 1819 215 1910 ἅμα
238 1824 281 1910 τῇ
308 1821 403 1891 πόλει
427 1821 515 1912 αὐτῇ
540 1821 645 1910 ἐγγύς
668 1821 862 1912 ἐγίγνοντο,
886 1821 955 1892 άπό
976 1851 1012 1894 τε
1035 1823 1106 1892 τῶν

143 1927 281 2010 τειχῶν,
302 1922 449 2011 ύψηλῶν
473 1922 603 2013 όντων,
632 1924 834 2012 βαλλόμενοι
855 1922 1106 2011 ἐκακοπάθουν,

144 2023 203 2094 ἅτε
219 2026 277 2093 καὶ
295 2022 351 2093 ἐπ’
372 2022 515 2116 ἐργασίᾳ
531 2024 661 2114 μᾶλλόν
679 2053 710 2093 τι
726 2021 747 2113 ἢ
766 2025 812 2107 ῶς
829 2024 864 2107 ές
881 2027 991 2114 μάχην
1009 2025 1105 2113 άκρι-

143 2130 213 2215 βῶς
232 2123 445 2214 ἐσταλμένοι,
469 2129 527 2196 καὶ
550 2143 628 2208 ταῖς
643 2127 809 2216 τριήρεσιν
831 2125 917 2217 άλλη
936 2130 994 2197 καὶ
1018 2126 1104 2215 άλλη

144 2230 206 2296 τοῦ
221 2227 374 2316 χείματος
389 2226 603 2309 ἐπιπλέοντες
617 2235 653 2298 ολ
666 2229 793 2318 Τύριοι,
807 2226 864 2298 ἅτε
877 2229 918 2316 δὴ
931 2237 1104 2299 θαλασσο-

105 2357 132 2398 εο
145 2333 347 2416 κρατοῦντες
364 2336 423 2416 ἔτι,
441 2327 571 2418 ῶπορου
585 2333 735 2418 πολλαχῆ
752 2332 815 2417 τὴν
832 2329 1021 2418 πρόσχωσιν
1033 2343 1105 2408 τοῖς

145 2429 342 2500 Μακεδόσιν
373 2428 523 2500 ἐποίουν.
571 2433 629 2500 καὶ
660 2437 696 2500 οἱ
723 2431 919 2510 Μακεδόνες
950 2429 1139 2519 ιΙέργουςσ

145 2529 260 2600 ἐπάνω
278 2534 340 2601 τοῦ
359 2531 530 2620 χάματος,
555 2529 575 2600 ό
597 2559 629 2599 τι
646 2557 708 2618 περ
726 2532 970 2621 προκεχωρήκει
985 2529 1104 2610 αύτοῑς

145 2631 202 2702 ἐπὶ
221 2634 309 2702 πολύ
329 2636 388 2719 τῆς
402 2633 590 2721 θαλάσσης,
609 2632 794 2722 ἐπέστησαν
807 2635 872 2704 δύο
884 2635 941 2702 καὶ
954 2633 1105 2722 μηχανάς

145 2733 202 2802 ἐπὶ
230 2749 302 2814 τοῖς
327 2734 478 2823 πύργοις.
524 2735 790 2823 προκαλύμματα
821 2735 859 2806 δὲ
889 2736 1016 2824 δέρρεις
1046 2735 1105 2803 καὶ

107 2863 132 2904 ω
145 2837 305 2924 διφθέραι
323 2834 439 2915 αύτοῑς
464 2826 569 2923 ἦσαν,
596 2835 641 2916 ῶς
659 2837 740 2925 μήτε
759 2835 947 2926 πυρφόροις
970 2837 1104 2925 βέλεσιν

145 2935 212 3004 άπὸ
242 2939 303 3005 τού
328 2945 460 3024 τείχους
484 2937 687 3026 βάλλεσθαι,
719 2954 790 3017 τοῖς
814 2965 850 3007 τε
875 2938 1105 3027 ἐργαζομένοις
1202 3001 1205 3008 .

145 3038 317 3128 προβολὴν
332 3035 369 3107 έν
382 3041 430 3130 τῷ
445 3036 538 3130 αύτῷ
553 3037 639 3108 εἶναι
652 3039 738 3126 πρὸς
751 3047 791 3108 τά
805 3040 1007 3129 τοξεύματα·
1035 3037 1104 3127 ἅμα

145 3167 181 3209 τε
203 3137 275 3209 ὅσοι
298 3139 544 3229 προσπλέοντες
570 3143 641 3208 τῶν
670 3148 806 3228 Τυρίων
831 3146 998 3230 ἔβλαπτον
1021 3139 1103 3222 τούς

146 3241 355 3330 χωννύντας,
369 3241 436 3310 άπὸ
449 3245 518 3309 τῶν
529 3241 670 3330 πύργων
683 3242 884 3331 βαλλόμενοι
893 3241 934 3312 ού
950 3245 1103 3330 χαλεπῶς

108 3369 133 3408 ω
147 3342 438 3430 άνασταλύσεσθαι
457 3349 604 3432 ἔμελλον.

217 3450 264 3514 Oi
270 3443 309 3513 δὲ
324 3443 440 3534 Τύριοι
449 3446 532 3534 πρὸς
541 3447 650 3514 ταῦτα
660 3443 1100 3534 άντιμηχανῶνταιτοϊόνδε.
1114 3453 1154 3519 19

146 3547 236 3615 ναῦν
252 3546 453 3633 ἱππαγωγὸν
466 3546 645 3634 κλημάτων
658 3573 693 3615 τε
706 3548 817 3638 ξηρῶν
830 3548 887 3616 καὶ
900 3544 1002 3635 άλλης
1019 3541 1103 3632 ὕλης
