2590 3948
206 192 269 254 312
553 189 807 246 ΔΛΕΞΔΝΔΡΟΤ

158 355 198 421 15
286 347 418 436 Χρόνος
444 373 479 416 τε
504 337 546 434 ἦν
572 347 698 434 συχνός
724 349 772 438 τῷ
800 347 916 418 πένθει
942 351 999 417 καὶ
1016 347 1120 430 αὐτός
1139 375 1179 419 τε

208 447 313 517 αὑτὸν
346 448 410 536 ἥδη
449 447 621 536 μετεκάλει
653 445 714 516 ἀπ’
750 446 857 518 αὐτοῦ
890 451 947 518 καὶ
980 455 1016 518 οί
1047 451 1181 538 ἑταῖροι

207 549 337 639 μᾶλλόν
361 577 393 618 τι
420 549 457 617 ἐν
474 554 520 640 τῷ
539 553 658 640 τοιῷδε
675 548 812 637 ἤνυτον.
859 555 943 619 ἔνθα
961 550 1003 636 δὴ
1022 552 1177 633 ἐξέλασιν

208 667 349 720 ποιεῖται
376 649 432 720 ἐπὶ
458 659 671 738 Κοσσαίους,
698 656 800 730 ἔθνος
827 652 1018 738 πολεμικόν,
1046 650 1177 741 ὅμορον

175 756 255 844 λτῷ
278 751 422 833 Οὐξίων.
466 753 531 820 είσί
558 751 597 820 δὲ
624 750 723 840 ὄρειοι
749 756 785 820 οί
800 760 963 822 Κοσσαῖοι
986 755 1044 822 καὶ
1061 760 1207 842 χωρίατ
1278 755 1279 800 3

208 853 315 942 όχυρά
330 853 412 921 κατὰ
428 851 483 920 κοτ’
489 880 512 940 μ
522 880 567 932 ας
585 852 757 941 νέμονται,
772 850 874 922 ὁπότε
888 853 1050 942 προσάγοι
1062 855 1178 923 δυ’να-

208 983 262 1042 μις
290 958 323 1034 ἐς
349 953 397 1022 τά
425 948 511 1041 άκρα
536 957 605 1022 τόν
632 950 724 1042 ὁρῶν
740 953 995 1040 ἀποχωροῦντες
1013 952 1178 1043 άθρόοιῆ
1278 945 1279 986 ⁴

209 1053 300 1134 ὅπως
327 1051 371 1123 άν
397 1060 556 1144 προχωρῇ
583 1055 731 1134 ἑκάστοις
749 1053 839 1124 οὕτω
857 1055 1109 1147 διαφεύγουσιν,
1142 1059 1178 1136 ἐς

211 1156 357 1244 ἀπορίαν
383 1158 564 1243 βάλλοντες
589 1157 670 1236 τοὺς
696 1155 760 1234 ξυν
787 1156 929 1244 δυνάμει
955 1163 1070 1244 σφίσιν
1098 1161 1172 1226 ἐπι·

209 1259 419 1346 χειροῦντας
453 1255 674 1326 ἀπελθόντων
698 1255 735 1326 δέ
753 1247 904 1338 αὖθιςί
872 1285 887 1326 ε
905 1285 921 1337 ς
937 1256 976 1326 τό
995 1258 1174 1346 ληστεόειν
1188 1288 1215 1326 ιο
1278 1261 1279 1298 ¹

176 1358 444 1448 3τρεπόμενοι’
425 1359 493 1428 απὸ
510 1357 631 1426 τούτου
657 1355 718 1426 τόν
743 1365 821 1446 βίον
853 1361 1034 1427 ποιοῦ-,νται
1077 1357 1177 1428 ’Λλέ-

210 1463 353 1547 ξανδρος
371 1459 410 1529 δὲ
429 1461 553 1540 ἐξεῖλεν
568 1456 683 1527 νότων
695 1485 733 1527 το
723 1456 862 1546 ἔθνος,
879 1465 999 1547 καίπερ
1012 1487 1179 1548 χειμωνος

212 1561 426 1650 στρατεύσας.
473 1553 550 1628 ἀλλ’
586 1557 663 1630 οὕτε
695 1561 818 1648 χειμών
852 1560 1008 1648 ἐμποδων
1041 1563 1179 1647 ἐγένετο
1278 1639 1279 1676 1

211 1661 303 1754 αὐτῷ
330 1661 409 1732 οὔτε
434 1666 473 1730 αί
497 1665 693 1749 δυσχωρίαι,
719 1660 799 1730 οὔτε
826 1657 919 1752 αὐτῷ
948 1657 1025 1730 οὕτε
1043 1671 1178 1732 Πτολε·
1278 1679 1279 1760 ρ

211 1771 301 1855 μαίω
327 1789 374 1830 τω
394 1761 524 1850 Λάγου,
552 1757 588 1842 ὃς
606 1762 763 1850 μέρος”
723 1788 782 1849 της
800 1764 955 1851 στρατιάς
974 1761 1026 1831 ἐπ’
1047 1761 1215 1844 αότουςιε
1278 1789 1279 1832 3

211 1857 302 1952 ἦγεν.
347 1861 455 1942 οὕτως
480 1861 631 1932 οόδέν”
610 1889 739 1951 απορον
753 1861 963 1956 Ἀλεξάνδρω
980 1865 1049 1932 τόν
1072 1873 1178 1934 πολε-

210 1991 317 2054 μικων
341 1954 384 2049 ἦν
411 1961 491 2043 ἐς”
471 1989 489 2032 ο
515 1989 546 2032 τι
571 1961 734 2052 ὁρμήσειε.

177 2073 194 2119 4
287 2061 447 2134 Κατιόντι
478 2063 517 2132 δέ
549 2063 642 2155 αὐτῷ
675 2069 723 2144 είς
749 2067 940 2151 Βαβυλῶνα
966 2065 1106 2153 Λιβυων
1139 2093 1178 2136 τε
1278 2101 1279 2144 1

115 2214 128 2244 ,
212 2167 427 2254 πρεσβείαι’
410 2165 633 2252 ενετιίγχανον
661 2165 891 2236 ἐπαινούντων
916 2193 951 2236 τε
973 2169 1030 2235 καὶ
1049 2187 1179 2254 στεφα-
1278 2175 1279 2240 λ

211 2267 369 2336 νοόντων
388 2269 444 2336 ἐπὶ
461 2293 502 2356 τη
491 2271 673 2356 βασιλείᾳ
690 2271 748 2353 τῆς
763 2264 889 2355 Ἀσίας,
906 2269 963 2336 καί
983 2269 1016 2348 ἐξ
1031 2266 1176 2348 Ἰταλίας
1190 2304 1214 2344 20

212 2370 366 2493 Βρέττιοί
396 2394 431 2437 τε
456 2368 514 2436 καὶ
539 2368 709 2438 Λευκανοὶ
735 2369 793 2436 καὶ
829 2369 996 2457 Τυρρηνοὶ
1024 2369 1078 2438 ἐπὶ
1104 2385 1178 2450 τοῖς

213 2467 327 2550 αὐτοῖς
360 2471 574 2557 ἐπρέσβευον.
618 2470 675 2537 καί
709 2473 965 2558 Καρχηδονίους
990 2468 1065 2538 τότε
1091 2495 1173 2558 πρε-

213 2574 353 2659 σβεῦσαι
378 2571 508 2656 λέγεται
525 2568 619 2638 καὶ’
599 2570 666 2638 απὸ
689 2571 871 2640 Αἰθιόπων
888 2571 1041 2659 πρέσβεις
1060 2574 1179 2640 ἐλθεῖν

212 2674 269 2740 καὶ
288 2674 440 2740 Σκυδῶν
457 2673 526 2740 τῶν
546 2675 582 2740 ἐκ
599 2676 658 2757 τῆς
676 2670 857 2760 Εόριόπης,
875 2673 931 2740 καί
950 2669 1098 2752 Κελτοός
1118 2673 1178 2741 καὶ

202 2771 352 2860 Ἴβηρας,
366 2769 454 2861 ότιέρ
469 2777 582 2860 φιλίας
598 2775 838 2860 δεησομένους·
858 2763 906 2842 ὧν
921 2773 964 2840 τά
976 2799 1012 2841 τε
1026 2769 1177 2860 ὀνόματα
1190 2806 1215 2846 ετ

212 2875 268 2943 καὶ
287 2873 345 2954 τάς
363 2873 484 2952 σκευὰς
501 2871 575 2940 τότε
593 2875 728 2959 πρῶτον
745 2872 895 2960 ὀφθῆναι
912 2873 997 2961 πρός
1008 2871 1178 2960 Ἑλλήνων
1278 2953 1279 2970 ρ

1278 2909 1279 2952 ι

178 2990 195 3040 5
213 3003 249 3045 τε
267 2976 323 3044 καὶ
338 2972 561 3044 Μακεδόνων.
589 2970 671 3051 τους
690 2973 728 3042 δὲ
746 2974 803 3042 καὶ
819 2973 907 3063 ὑπὲρ
925 2979 994 3042 τόν
1008 2983 1056 3054 είς
1070 2972 1177 3063 άλλή-

214 3086 294 3156 λους
313 3077 488 3165 διαφορῶν
515 3073 673 3158 λέγουσιν
700 3071 749 3142 ότι
770 3070 981 3168 Ἀλεξάνδρῳ
1007 3081 1178 3164 διακρῖναι
1278 3079 1279 3144 λ

214 3179 411 3264 ἐπέτρεπον·
444 3176 502 3244 καὶ
528 3174 605 3244 τότε
630 3174 771 3262 μάλιστα
798 3174 905 3244 αὐτόν
922 3203 957 3246 τε
974 3175 1067 3268 αὐτῷ
1082 3176 1177 3246 Ἀλέ-

213 3283 358 3363 ξανδρον
376 3279 518 3354 καὶτοῖς
533 3273 619 3363 ἀμφ’
641 3275 748 3344 αὐτόν
762 3281 908 3364 φανῆναι
922 3282 983 3365 γῆς
996 3303 1031 3346 τε
1044 3277 1176 3366 άπάσης
1190 3311 1217 3351 το
1278 3277 1279 3298 ἐ

213 3379 271 3446 καὶ
289 3377 462 3463 θαλάσσης
481 3375 610 3462 κόριον.
639 3375 790 3465 ’Ἄριστος
808 3376 846 3446 δὲ
864 3379 920 3447 καί
934 3375 1176 3466 Ἀσκληπιάδης
1278 3407 1279 3500 ρ

213 3481 281 3546 τῶν
308 3473 349 3542 τά
373 3473 600 3565 Ἀλεξάνδρου
628 3476 900 3566 ἀναγραψάντων
926 3479 982 3547 καὶ
997 3479 1177 3568 Ῥωμαίους
