2664 3946
505 243 688 296 επεεεειτ
707 248 735 296 4.
758 249 783 298 ε.
1065 243 1122 310 151

159 399 201 487 δὴ
227 392 296 469 ύπό
324 398 445 489 Κύρου
478 405 682 488 οἰκισθεῖσα,
715 401 771 469 καί
797 405 856 470 τοῦ
884 409 1042 473 πλείστου
1068 405 1124 473 καλ

159 500 391 590 μαχιμωτάτου
435 505 505 570 τόν
546 501 653 592 ταύτῃ
697 501 879 591 βαρβάρων
923 507 955 584 ἐς
997 503 1125 594 ταύτην

161 602 436 690 συμπεφευγότος
476 599 538 691 ούχ
579 600 741 684 ὡσαύτως
781 607 884 694 ῥᾳδία
923 607 955 687 ἐξ
996 605 1123 694 ἐφόδου

164 705 251 772 ἑλεῖν
287 717 357 783 τοῖς
397 703 594 774 Μακεδόσιν
634 706 793 791 ἐγίγνετο.
859 699 943 774 άλλά
975 707 1124 795 μηχανάς

135 803 227 893 ῦγάρ
259 803 441 891 προσάγων
472 810 519 896 τῷ
552 811 652 893 τείχει
674 802 893 897 Ἀλέξανδρος
924 806 1029 897 ταύτῃ
1062 807 1125 896 μὲν

159 913 348 975 κατασείειν
388 903 516 974 ἐπενόει
553 905 590 974 τό
631 920 739 993 τεῖχος
779 907 836 976 καὶ
873 905 956 976 κατά
994 907 1031 976 τό
1071 903 1124 978 άεὶ

159 1005 488 1096 παραρρηγνύμενον
514 1004 620 1076 αύτοῦ
645 1006 704 1088 τάς
730 1007 918 1096 προσβολάς
944 1019 1122 1079 ποιεῖσθαι.

160 1106 263 1188 αύτός
297 1108 335 1177 δὲ
370 1105 415 1188 ὡς
448 1113 579 1176 κατεῖδε
609 1107 690 1188 τούς
722 1113 843 1196 ἔκρους
867 1113 929 1178 τού
955 1117 1158 1199 ποταμοῦ,τ

159 1205 198 1289 δς
223 1207 279 1278 διά
296 1213 355 1296 τῆς
373 1209 501 1288 πόλεως
518 1209 716 1299 χειμάρρους
735 1207 783 1277 όν
804 1213 977 1298 διέρχεται,
1004 1211 1125 1299 ξηρούς

121 1330 147 1370 ¹0
162 1313 198 1378 ἐν
224 1313 271 1401 τῷ
297 1309 374 1379 τότε
399 1307 523 1390 ύδατος
549 1311 606 1378 καὶ
632 1307 673 1378 ού
701 1313 850 1396 ξυνεχεῖς
876 1325 946 1392 τοῖς
971 1319 1124 1400 τείχεσιν,

160 1408 236 1479 ἀλλ’
258 1416 351 1491 οἴους
369 1425 554 1499 παρασχεῖν
572 1409 721 1499 πάροδον
738 1411 951 1498 στρατιώταις
969 1417 1126 1482 διαδῦναι

161 1515 196 1592 ἐς
221 1510 283 1598 τὴν
309 1509 425 1598 πόλιν,
459 1510 639 1599 άναλαβύν
665 1511 743 1592 τούς
773 1539 809 1582 τε
836 1514 1124 1604 σωματοφύλακας

161 1613 218 1680 καί
250 1611 330 1693 τούς
362 1611 572 1693 ὑπασπιστάς
604 1613 661 1680 καὶ
694 1611 776 1692 τούς
800 1613 936 1696 τοξότας
961 1617 1019 1684 καὶ
1045 1614 1125 1696 τούς

158 1711 350 1802 Ἀγριᾶνας,
385 1713 620 1803 τετραμμένων
650 1719 719 1782 τῶν
750 1715 931 1806 βαρβάρων
956 1715 1041 1807 πρὸς
1066 1716 1125 1798 τάς

123 1835 147 1875 ¹⁵
160 1815 311 1903 μηχανάς
337 1815 394 1883 καὶ
419 1813 500 1895 τούς
526 1814 631 1906 ταύτῃ
650 1819 946 1904 προσμαχομένους
964 1817 1126 1887 λανθάνει

160 1914 245 1984 κατά
270 1915 350 2008 τούς
376 1920 495 2003 ἔκρους
513 1915 577 1998 ξύν
594 1915 718 2002 ὀλίγοις
735 1914 772 1985 τό
791 1923 925 2003 πρῶτον
943 1917 1125 2007 παρελθεῖν

162 2020 195 2098 ἐς
220 2015 283 2104 τὴν
308 2015 422 2085 πόλιν·
463 2014 653 2107 ἀναρρήξας
678 2016 717 2086 δὲ
744 2022 887 2088 ἔνδοθεν
911 2024 981 2088 τῶν
1006 2025 1158 2088 πυλων3

161 2126 200 2188 αἳ
223 2115 306 2186 κατά
332 2123 432 2186 τοῦτο
457 2116 496 2186 τό
525 2125 650 2206 χωρίον
675 2109 779 2205 ἦσαν,
812 2120 939 2206 δέχεται
964 2120 1021 2189 καλ
1045 2119 1126 2202 τούς

161 2217 282 2299 άλλους
309 2217 510 2304 στρατιώτας
537 2215 693 2300 εύπετύς.
734 2223 820 2287 ἔνθα
847 2219 889 2308 δὴ
915 2225 950 2290 οί
964 2221 1127 2311 βάρβαροι

120 2340 148 2380 20
163 2321 324 2408 ἐχομένην
349 2318 413 2406 ἤδη
439 2317 501 2408 τὴν
528 2319 626 2388 πόλιν
651 2318 850 2408 αἰσθόμενοι
868 2323 922 2390 ἐπὶ
939 2322 1020 2402 τούς
1038 2317 1124 2410 ἄμφ’

156 2419 378 2509 Ἀλεξανδρον
395 2420 484 2508 ὅμως
504 2421 711 2508 ἐτράπησαν·
738 2421 795 2488 καίΙ
814 2428 942 2507 γίνεται
955 2421 1125 2511 προσβολὴ

160 2521 275 2591 αὐτῶν
297 2521 441 2608 καρτερά
447 2539 455 2554 ·
500 2523 557 2590 καὶ
574 2521 730 2611 βάλλεται
747 2528 834 2614 λίθφ
852 2521 955 2604 αύτός
969 2521 1124 2606 Ἀλέξαν-

160 2629 240 2712 δρος
272 2629 388 2710 βιαίως
423 2621 486 2708 τήν
511 2650 547 2692 τε
572 2621 724 2712 κεφαλήν
749 2623 806 2691 καὶ
831 2622 891 2693 τόν
917 2619 1043 2713 αύχένα
1068 2624 1125 2694 καὶ

160 2723 333 2814 Κράτερος
358 2722 532 2810 τοξεύματι
558 2725 615 2792 καὶ
640 2723 757 2792 πολλοὶ
789 2720 883 2794 άλλοι
908 2731 977 2795 τόν
1001 2723 1125 2816 ἡγεμό-

120 2847 148 2888 2⁵
159 2843 246 2895 νων·
287 2823 373 2894 άλλά
405 2824 462 2893 καὶ
490 2821 535 2905 δός
569 2825 713 2906 ἐξέωσαν
741 2827 776 2895 ἐκ
801 2831 860 2914 τῆς
887 2824 1014 2914 άγορᾶς
1044 2827 1125 2912 τούς

158 2925 363 3016 βαρβάρους.
421 2925 477 2994 καλ
517 2929 554 2996 ἐν
594 2927 704 3020 τούτῳ
743 2931 781 2996 οί
816 2926 899 2996 κατά
937 2927 974 2996 τό
1017 2943 1159 3018 τεῖχος4

159 3025 444 3118 προσβεβληκότες
463 3033 586 3118 ἔρημον
602 3027 668 3116 ἤδη
685 3025 723 3096 τό
741 3043 847 3117 τεῖχος
866 3035 936 3098 τεόν
953 3055 1123 3120 προμαχο-

159 3131 271 3216 μένων
297 3133 463 3217 αίρούσιν.
508 3131 544 3198 ἐν
569 3128 632 3218 μὲν
658 3127 700 3216 δὴ
726 3134 769 3219 τῇ
796 3130 912 3220 πρύτη
938 3129 1124 3218 καταλήψει

159 3232 219 3316 τῆς
253 3229 381 3310 πόλεως
417 3228 591 3300 άπίθανον
616 3236 686 3299 τῶν
719 3237 890 3320 πολεμίων
915 3231 1057 3320 μάλιστα
1090 3234 1124 3313 ἐς

120 3328 439 3418 ενόκτακισχιλίονς·
466 3335 503 3400 ολ
524 3331 562 3401 δὲ
589 3337 700 3401 λοιποί
724 3323 827 3425 (ἦσαν
851 3330 916 3422 γάρ
943 3338 980 3402 οί
1003 3331 1123 3414 πάντες

160 3433 193 3512 ἐς
210 3439 355 3521 μυρίους
372 3434 429 3501 καλ
446 3440 734 3524 πεντακισχιλίους
751 3439 917 3521 μαχίμους
935 3438 970 3504 οί
981 3435 1123 3521 ξυνελη-

158 3530 316 3624 λυθότες)
343 3532 614 3622 καταφεύγουσιν
642 3537 674 3616 ἐς
692 3535 753 3622 τὴν
766 3531 882 3623 άκραν.
908 3535 965 3603 καὶ
982 3533 1123 3615 τούτους
