2664 3946
485 233 669 286 ιυεοιειε
686 237 717 298 ι,
736 237 761 286 ι
1044 233 1104 298 153

137 387 321 480 βαρβάρων
348 389 527 478 ἐθελοντὴς
552 392 689 480 μετέσχε
715 396 773 480 τῆς
801 390 1022 478 ξυνοικήσεως
1047 396 1107 462 καί

137 520 229 574 τινας
262 492 319 560 καὶ
350 497 419 560 τῶν
452 493 489 560 ἐκ
518 497 579 561 τοῦ
620 494 846 580 στρατοπέδω
879 491 1104 580 Μακεδόνων,

140 592 211 664 ὅσοι
243 589 410 682 ἀπόμαχοι
441 591 506 680 ἤδη
537 585 643 682 ἦσαν,
682 593 792 674 θύσας
824 607 895 674 τοῖς
933 602 1028 673 θεοῖς
1061 591 1104 675 ἀς

138 693 241 783 νόμος
273 691 365 786 αύτῷ
398 695 455 762 καὶ
487 692 604 780 ἀχάυα
631 694 768 764 ίππικόν
800 721 835 764 τε
859 693 917 763 καὶ
941 693 1106 782 μυμνικὸυ

111 794 298 884 οποιησας,
346 787 392 874 ὥς
430 790 494 864 ούκ
533 793 854 884 ἀπαλλασσομένους
899 793 986 883 ἐύρα
1025 794 1105 876 τούς

140 896 280 977 Σκύθας
307 890 373 964 ἀπὸ
400 900 460 983 τῆς
486 892 591 985 ὄχθης
617 903 678 966 τοῦ
705 901 873 986 ποταμοῦ,
900 893 975 964 ἀλλ’
1012 899 1105 966 ἐκτο-

140 994 293 1081 ξεύοντες
326 999 359 1078 ἐς
399 995 458 1066 τὸυ
496 995 646 1086 ποταμόν
681 1000 851 1086 ἑωρῶντο,
893 995 934 1067 ού
973 996 1139 1067 πλατύυκ

139 1095 245 1188 ταύτῃ
270 1095 363 1183 όντα,
390 1104 448 1166 καί
470 1124 545 1167 τινα
571 1099 628 1166 καὶ
653 1097 737 1187 πρός
754 1098 852 1185 ὕβριν
873 1101 933 1166 τοῦ
949 1095 1106 1176 Ἀλεξάν-

140 1206 226 1288 δρου
252 1203 463 1289 βαρβαρικῶς
488 1198 732 1288 ἐθρασύνοντο,
759 1193 805 1279 ύς
830 1195 895 1268 ούκ
920 1195 963 1266 ἀν
981 1199 1106 1287 τολμή-

103 1329 128 1370 ιο
141 1322 247 1371 σαντα
261 1295 482 1390 Ἀλέξανδρον
508 1299 661 1383 ἀψασθαι
687 1302 838 1372 Σκυθάν
855 1295 876 1387 ἢ
893 1299 1047 1387 μαθόντα
1064 1297 1107 1370 ἀν

140 1401 192 1472 ότι
218 1427 280 1490 περ
306 1399 344 1470 τὸ
371 1400 534 1492 διάφορον
559 1401 713 1482 Σκύθαις
731 1428 766 1472 τε
783 1402 840 1470 καὶ
857 1414 927 1481 τοῖς
942 1397 1106 1482 Ἀσιανοῖς

140 1502 339 1591 βαρβάροις,
383 1500 452 1572 ύπδ
499 1502 629 1572 τούτων
667 1501 940 1591 παροξυνόμενος
980 1502 1107 1572 ἐπενόει

141 1609 325 1691 διαβαίνειν
340 1600 392 1672 ἐπ’
407 1597 533 1684 αύτούς
547 1602 675 1684 καὶτὰς
689 1605 853 1693 διφθέρας
862 1603 1107 1692 παρεσκεύαζεν

142 1705 198 1775 ἐπὶ
229 1709 277 1796 τῷ
308 1702 410 1798 πόρῳ.
462 1705 621 1798 θυομίυφ
654 1704 693 1775 δὲ
725 1705 781 1774 ἐπὶ
811 1708 853 1793 τῇ
890 1703 1040 1793 διαβάσει
1065 1703 1139 1774 τάε

103 1832 128 1872 τε
144 1803 216 1894 ίερά
249 1804 314 1875 ούκ
347 1808 512 1892 ἐγίγνετο·
546 1806 565 1874 ό
598 1805 635 1875 δὲ
666 1807 796 1894 βαρέως
828 1804 892 1892 μὲν
917 1811 1038 1894 ἔφερεν
1063 1803 1105 1874 ού

141 1907 364 1994 γιγνομὲνων·
407 1903 496 1995 ὅμως
523 1906 560 1976 δὲ
594 1908 761 1996 ἐκαρτέρει
792 1906 848 1975 καὶ
882 1913 1007 1994 ἔμενεν.
1061 1903 1106 1986 ἀς

142 2007 180 2078 δὲ
207 2006 268 2077 οάκ
293 2006 432 2077 ἀνίεσαν
459 2013 495 2078 οί
511 2006 661 2094 Σκύθαι,
687 2001 789 2088 αὖθις
816 2008 871 2076 ἐπὶ
897 2009 939 2096 τῇ
958 2004 1108 2094 διαβάσει

143 2108 277 2180 ἐθύετο·
321 2109 378 2178 καὶ
410 2100 454 2178 αὖ
489 2111 522 2190 ἐς
557 2115 719 2180 κίνδυνον
754 2103 848 2198 αύτῷ
886 2114 1108 2196 σημαίνεσθαι

139 2207 377 2299 Ἀρίστανδρος
404 2207 422 2280 ὁ
449 2208 566 2298 μάντις
594 2215 747 2298 ἔφραζεν·
775 2207 850 2278 ὁδε
869 2223 1026 2297 κρεῖσσον
1044 2215 1107 2298 ἐφη

105 2339 130 2378 ιο
145 2315 177 2392 ἐς
217 2317 356 2400 ἐσχατον
403 2310 564 2381 κινδύνου
605 2315 720 2380 ἐλθεῖν
758 2306 780 2398 ἣ
816 2311 1108 2399 κατεστραμμεύον

142 2409 318 2500 ξύμπασαν
351 2408 470 2497 όλίγου
502 2417 577 2481 δεῖν
608 2411 669 2500 τὴν
699 2408 815 2484 Ἀσίαν
852 2411 981 2498 γέλωτα
1020 2409 1107 2480 εἶναι

144 2513 316 2602 Σκύθαις,
342 2512 497 2600 καθάπερ
515 2525 660 2603 Δαρεῖος
687 2513 704 2582 ὁ
723 2513 850 2603 Ξέρξου
868 2511 977 2600 πατὴρ
1003 2511 1107 2580 πάλαι

80 2689 83 2694 ,
145 2615 284 2700 ἐγένετο.
333 2611 572 2702 Ἀρίστανδρος
611 2613 649 2683 δὲ
681 2611 745 2683 ούκ
779 2619 842 2702 ἔφη
874 2610 964 2701 παρά
995 2611 1037 2681 τά
1071 2615 1107 2681 ἐκ

73 2775 76 2780 .
142 2721 204 2786 τού
223 2721 320 2784 θείου
336 2714 563 2804 σημαινόμενα
581 2713 665 2784 ἀλλα
684 2710 939 2802 ἀποδείξασθαι,
958 2712 1008 2784 ότι
1021 2713 1107 2783 ἀλλα

104 2842 130 2884 τε
145 2817 252 2886 ἐθέλει
277 2813 420 2887 ἀκούσαι
442 2811 666 2903 Ἀλέξανδρος.

214 2915 250 2987 ‘0
268 2918 317 3004 δέ,
341 2914 387 2999 ὦς
405 2921 443 2986 αἵ
457 2945 493 2986 τε
510 2919 669 3007 διφθέραι
686 2911 779 3010 αύτῷ
798 2919 1108 3006 παρεσκευασμέναι
1124 2933 1140 2982 4

142 3009 231 3105 ἦσαν
257 3018 313 3088 ἐπὶ
343 3024 391 3111 τῷ
423 3017 518 3112 πόρφ
557 3016 657 3088 καίό
692 3017 832 3106 στρατός
867 3019 1107 3106 ἐξωπλισμένος

145 3119 329 3208 ἐφειστήκει
353 3125 400 3212 τῷ
427 3122 582 3213 ποταμῷ,
603 3124 641 3189 αλ
663 3147 699 3190 τε
724 3121 870 3207 μηχαναὶ
887 3117 954 3188 ἀπό
977 3119 1106 3206 ξυνθή-

142 3247 244 3310 ματος
271 3219 474 3307 ἐξηκόντιζον
501 3224 535 3302 ἐς
560 3219 640 3301 τούς
667 3220 809 3300 Σκύθας
836 3219 1107 3306 παριππεύοντας

105 3349 131 3390 ιο
146 3322 200 3392 ἐπὶ
226 3326 270 3410 τῇ
296 3319 383 3411 ὄχθη
408 3323 466 3390 καὶ
493 3327 582 3392 ἐστιν
608 3329 644 3392 οἳ
667 3316 781 3391 αύτάν
808 3320 1043 3410 ἐτιτρώσκοντο
1071 3323 1108 3388 ἐκ

141 3428 211 3492 τῶν
236 3427 357 3509 βελῶν,
385 3418 433 3504 εἷς
459 3423 497 3492 δὲ
523 3421 564 3510 δη
592 3420 647 3491 διά
674 3425 735 3491 τού
761 3423 885 3510 γέρρου
912 3449 947 3490 τε
973 3422 1028 3490 καὶ
1045 3423 1108 3489 τού

141 3522 297 3611 θύρακος
325 3521 471 3614 διαμπάξ
497 3525 635 3610 πληγείς
667 3528 780 3592 πίπτει
806 3520 872 3592 ἀπό
898 3528 960 3592 τού
987 3528 1106 3607 ἵππου,
