2650 3948
219 247 262 314 34
573 247 824 306 ιιεειιιιοον

175 398 211 464 18
292 384 347 461 Ἐν
369 389 477 484 τούτῳ
502 389 540 459 δέ
564 392 600 458 ἐκ
625 395 825 476 Μαγνησίας
856 413 891 458 τε
917 387 973 456 καὶ
1001 385 1178 475 Τράλλεων

219 489 300 580 παρ’
339 489 444 561 αύτδν
472 483 556 579 ήκον
585 490 774 571 ἐνδιδόντες
804 489 862 570 τάς
892 487 1020 568 πόλεις·
1052 487 1109 556 καὶ
1139 485 1177 568 ὃς

219 593 340 680 πέμπει
357 599 596 681 Παρμενίωνα,
615 590 697 673 δούς
710 589 803 685 αύτῷ
821 595 1003 678 δισχιλίους
1020 589 1077 658 καὶ
1094 613 1176 660 πεν-

218 701 395 775 τακοσίους
417 692 534 777 πεζούς
557 698 626 762 τοῖν
651 694 756 775 ξένων
773 693 829 762 καὶ
847 691 1048 772 Μακεδόνας
1066 716 1176 779 παρα-

219 801 399 884 πλησίους,
432 795 552 876 ίππέας
583 793 621 862 δὲ
650 799 718 863 τῶν
745 795 887 883 ἑταίρων
914 796 948 875 ές
973 798 1175 872 διακοσίους.
1203 826 1219 867 ι

219 902 416 985 Λυσίμαχον
440 896 479 966 δέ
501 894 562 965 τόν
583 892 828 979 Ἀγαθοκλέους
853 895 908 964 ἐπὶ
931 893 990 974 τάς
1015 898 1177 973 Αἰολίδας
1233 973 1235 977 Ι

218 1025 255 1066 τε
277 997 390 1078 πόλεις
413 996 476 1080 ξύν
500 995 640 1085 δυνάμει
665 993 728 1066 ούκ
759 996 906 1066 ἐλάττονι
931 995 1091 1083 ἐξέπεμψε
1119 995 1178 1062 καὶ

185 1113 203 1161 2
221 1097 296 1168 όσαι
309 1097 453 1169 Ἰωνικαὶ
470 1095 538 1168 ύπό
556 1113 626 1179 τοῖς
643 1097 822 1187 βαρβάροις
844 1103 892 1167 έτι
907 1088 1005 1186 ἦσαν.
1045 1095 1177 1176 καὶτὰς

218 1199 282 1289 μέν
300 1197 490 1289 ὀλιγαρχίας
504 1205 675 1286 πανταχοῦ
693 1198 873 1268 καταλύειν
887 1201 1051 1284 ἐκέλευσε,
1069 1202 1177 1286 δημο-

218 1309 356 1390 κρατίας
371 1302 408 1372 δέ
423 1301 659 1388 ἐγκαθιστάναι
675 1301 732 1370 καί
749 1299 828 1380 τούς
841 1299 967 1389 νόμους
980 1297 1060 1379 τούς
1078 1305 1176 1387 σφῶν
1191 1333 1218 1373 ιο

221 1402 368 1484 ἑκάστοις
385 1401 589 1487 άποδούναι,
611 1401 668 1470 καὶ
684 1401 764 1482 τούς
782 1399 909 1489 φόρους
927 1399 1058 1470 άνεῑναι
1075 1399 1177 1482 ὅσους

219 1518 290 1584 τοῖς
314 1503 498 1593 βαρβάροις
522 1500 702 1591 άπέφερου.
741 1497 843 1582 αύτός
868 1501 906 1572 δέ
929 1501 1114 1590 ὑπομείνας
1140 1504 1177 1571 έν

224 1602 352 1698 Ἐφέσῳ
375 1611 504 1674 θυσίαν
526 1631 562 1673 τε
584 1609 689 1673 έθνσε
708 1609 750 1694 τῇ
772 1601 937 1693 Ἀρτέμιδι
960 1605 1017 1671 καὶ
1040 1601 1177 1691 πομπήν

221 1713 347 1796 έπεμψε
370 1704 433 1788 ξύν
455 1710 497 1796 τῇ
522 1711 658 1796 στρατιᾷ
676 1704 766 1796 πάση
786 1703 976 1794 τόπλισμένη
999 1731 1034 1775 τε
1050 1705 1107 1772 καὶ
1132 1703 1177 1785 τός

220 1810 253 1888 ές
270 1807 380 1895 μάχην
398 1808 650 1896 ξυντεταγμένῃ.
1189 1837 1217 1880 ιι
1323 1837 1324 1866 ι

181 1923 202 1972 «3
301 1915 350 1996 Τή
369 1903 405 1976 δ’
428 1905 589 1999 ύστεραίῳ
612 1906 792 1995 άναλαβοδν
814 1913 883 1978 τῶν
905 1934 941 1976 τε
964 1913 1071 1992 πεζῶν
1096 1906 1176 1988 τούς
1323 1925 1324 1928 ’

219 2008 358 2089 λοιπούς
387 2009 444 2077 καὶ
472 2007 553 2088 τούς
580 2009 714 2090 τοξότας
737 2009 794 2077 καὶ
816 2007 896 2089 τούς
919 2005 1095 2098 Ἀγριάνας
1118 2009 1175 2078 καί

218 2109 299 2190 τούς
319 2116 453 2201 Θρᾷκας
478 2112 598 2192 ίππέας
616 2110 673 2178 καὶ
695 2114 762 2179 τῶν
782 2111 923 2198 ἑταίρων
939 2109 1000 2197 τήν
1018 2137 1054 2180 τε
1077 2117 1174 2196 βασι·

219 2211 315 2299 λικήν
334 2219 409 2300 ίληυ
425 2212 483 2280 καὶ
498 2207 583 2298 πρός
600 2210 705 2302 ταύτῃ
722 2226 811 2300 τρεῖς
825 2210 928 2292 άλλας
947 2212 1002 2281 ἐπὶ
1020 2211 1174 2298 Μιλήτου

220 2315 405 2384 ἐστέλλετο·
434 2313 490 2381 καὶ
512 2310 574 2400 τήν
596 2312 660 2400 μὲν
691 2315 753 2394 ἔξω
777 2314 987 2402 καλουμένην
1016 2314 1115 2382 πόλιν
1141 2314 1174 2394 ἐξ
1188 2343 1216 2384 ιο
1323 2379 1324 2402 ,

220 2415 343 2503 ἐφόδου
362 2419 480 2503 ἔλαβεν
499 2411 694 2502 ἐκλιπούσης
707 2419 765 2501 τής
778 2419 947 2502 φυλακῆς·
968 2417 1118 2484 ἐνταῦθα
1136 2413 1175 2484 δὲ

218 2515 589 2606 καταστρατοπεδεύσας
607 2520 694 2602 έγνω
707 2511 919 2604 ἀποτειχίζειν
932 2515 994 2603 τήν
1012 2526 1091 2586 εἴσω
1109 2513 1174 2584 πό-

182 2630 202 2678 4
220 2625 284 2686 λιν.
314 2609 573 2706 Ἡγησίστρατος
590 2616 667 2705 γάρ,
685 2614 750 2708 ὅτῳ
767 2613 788 2703 ή
806 2613 940 2706 φρουρά
957 2614 978 2704 ή
996 2623 1175 2704 Μιλησίων

220 2720 256 2787 &u
272 2719 433 2805 βασιλέως
460 2717 694 2805 ἐπετέτραπτο,
720 2717 872 2807 πρόσθεν
895 2717 1069 2807 γράμματα
1092 2715 1173 2805 παρ’
1323 2759 1324 2800 η

216 2817 435 2908 Ἀλέξανδρον
458 2824 604 2906 ἔπεμπεν
630 2817 783 2899 ἐνδιδούς
812 2817 874 2907 τήν
898 2826 1068 2907 Μίλητον·
1099 2817 1173 2889 τότε
1187 2849 1214 2889 τε
1323 2825 1324 2858 ³

218 2920 258 2990 δέ
275 2915 513 3008 άναθαρρήσας
532 2919 588 2988 ἐπὶ
611 2924 658 3012 τῷ
677 2925 821 3008 Περσῶν
838 2925 967 3012 στρατῷ
985 2919 1025 2990 ού
1041 2919 1174 3010 μακράν

219 3022 291 3092 ὄντι
308 3022 477 3106 διασώζειν
493 3035 563 3102 τοῖς
577 3021 723 3110 Πέρσαις
742 3021 871 3092 ἐπενόει
886 3019 948 3110 τήν
965 3021 1073 3092 πόλιν.
1106 3032 1174 3094 Νιο

218 3121 332 3211 κάνωρ
350 3122 388 3192 δὲ
404 3120 442 3192 τό
462 3120 656 3210 Ἑλληνικόν
681 3121 839 3192 ναυτικόν
863 3121 956 3210 άγοτν
981 3120 1176 3212 ὑποφθάνει

217 3223 299 3304 τούς
316 3224 450 3314 Πέρσας
473 3225 581 3314 τρισὶν
604 3220 741 3310 ἡμέραις
764 3222 924 3314 πρότερος
941 3224 1174 3306 καταπλεύσας

217 3322 239 3414 ή
257 3331 298 3416 τῇ
317 3324 456 3420 Μιλήτῳ
481 3322 559 3406 τούς
575 3325 710 3413 Πέρσας
727 3341 920 3414 προσσχεῖν,
937 3327 992 3396 καὶ
1010 3323 1174 3416 ὁρμίζεται
1187 3361 1214 3401 ιο

218 3427 343 3497 ναυσίν
366 3424 522 3515 ἑξήκοντα
545 3427 602 3496 καὶ
628 3425 746 3496 ἑκατόν
770 3428 806 3496 έν
829 3433 871 3517 τῇ
889 3426 981 3522 νήσῳ
1000 3435 1041 3520 τῇ
1059 3427 1172 3518 Λάδη·

185 3541 201 3589 ⁵
219 3544 322 3600 κεῖται
345 3528 383 3600 δὲ
405 3529 490 3618 αὕτη
514 3529 568 3598 ἐπὶ
590 3533 633 3618 τή
651 3525 799 3622 Μιλήτῳ.
836 3534 873 3599 αί
890 3529 928 3600 δὲ
945 3535 1013 3600 τῶν
1029 3537 1174 3621 Περσῶν
