2650 3948
209 222 252 289 56
563 223 817 282 ΑΛΕΞΑΝΔΡΟΤ

210 370 275 454 δην
294 362 441 452 Ῥόδιον,
469 365 526 434 κοιλ
547 364 717 455 τύραννον
746 364 989 452 ἐγκατέστησαν
1010 369 1052 455 τῇ
1076 362 1171 436 πόλει

212 467 391 554 Διογένην,
407 467 547 535 ἔνατόν
560 467 739 554 φυγάδων·
757 464 908 554 χρήματά
920 491 956 534 τε
970 466 1170 556 εἰσέπραξαν

211 566 289 648 τοάς
298 573 552 654 Μιτυληναίους
565 565 606 636 τά
619 567 681 656 μὲν
693 573 752 657 βίρι
765 563 967 655 άφελόμενοι
978 566 1058 648 τοάς
1072 573 1170 655 ἔχον·

212 695 283 756 τας,
299 666 341 737 τά
359 667 397 737 δέ
415 671 449 749 ές
465 666 502 736 τό
522 667 639 738 κοινὸν
657 667 878 756 ἐπιβαλόντες.

182 777 205 845 2
294 775 408 839 Ταῦτα
433 768 471 838 δέ
490 768 750 859 διαπραξάμενοι
769 768 981 858 Φαρνάβαζος
998 769 1061 858 μέν
1078 775 1170 840 ἔπλει
1193 793 1209 838 ε

214 871 269 940 έπί
282 877 411 951 Λυκίας
424 867 518 957 άγωυ
533 869 614 951 τοάς
631 869 878 960 μισθοφόρους·
905 869 1170 960 Αὐτοφραδάτης

213 971 252 1042 δέ
270 972 324 1040 ἐπὶ
340 970 400 1052 τάς
419 970 523 1051 άλλας
538 969 674 1058 νήσους.
709 972 765 1040 καὶ
789 973 826 1040 έν
842 969 950 1065 τούτῳ
968 973 1171 1062 καταπέμπει

213 1085 358 1162 Δαρεῖος
377 1071 567 1160 Θυμώνδαν
586 1071 645 1141 τόν
664 1073 854 1161 Μέντορος,
884 1070 990 1142 αὐτόν
1011 1073 1074 1162 μὲν
1089 1070 1171 1154 τούς

213 1174 330 1256 ξένους
353 1172 442 1262 παρά
462 1173 681 1262 Φαρναβάζου
702 1172 983 1263 παραληψόμενον
1005 1175 1062 1242 καὶ
1084 1172 1170 1242 άυά·

214 1277 313 1357 ξουτα
330 1272 421 1363 παρά
438 1277 595 1362 βασιλέα,
617 1274 820 1367 Φαρναβάζῳ
839 1274 876 1344 δὲ
895 1278 1037 1365 ἐροῦντα
1054 1273 1170 1363 άρχειν
1184 1297 1210 1338 ιο

180 1375 305 1446 τόσων
334 1377 484 1464 Μέμνων
519 1367 610 1464 ήρχε.
663 1377 720 1445 καὶ
753 1375 926 1464 παραδοάς
956 1376 1063 1469 τούτῳ
1091 1375 1172 1456 τούς

213 1477 331 1560 ξένους
356 1476 571 1566 Φαρνάβαζος
601 1481 691 1546 ἔπλει
720 1473 796 1565 παρ’
822 1474 1091 1566 Αὐτοφραδάτην
1115 1479 1172 1546 ἐπί

212 1576 273 1659 τάς
301 1583 397 1658 ναῦς.
440 1574 485 1658 τός
509 1576 547 1646 δέ
576 1573 661 1666 όμοά
691 1578 861 1666 ἐγένοντο,
892 1579 972 1648 δέκα
1000 1578 1064 1668 μὲν
1086 1585 1172 1659 ναῦς

214 1681 408 1748 στέλλουσιν
445 1679 499 1746 ἐπὶ
537 1677 594 1758 τάς
632 1678 812 1759 Κυκλάδας
847 1678 972 1767 νήσους
1007 1681 1172 1769 Δατάμην

213 1779 322 1868 ἄνδρα
340 1781 477 1868 Πέρσην
499 1775 641 1867 άγοντα,
666 1777 764 1850 αὐτοὶ
787 1779 825 1848 δέ
841 1781 965 1849 ναυσὶν
983 1779 1098 1851 ἑκατὸν
1116 1781 1171 1850 ε’πὶ
1184 1807 1210 1850 ιι

219 1880 365 1951 Τενέδου
391 1886 572 1950 ἔπλευσαν·
616 1881 915 1969 κατακομισθέντες
933 1881 971 1950 δὲ
987 1887 1046 1970 τῆς
1069 1883 1171 1951 Τενέ-

215 1986 277 2051 δου
308 1986 355 2061 είς
384 1979 443 2050 τὸν
469 1979 608 2072 Βόρειον
631 1981 840 2070 καλεόμενον
863 1983 981 2071 λιμένα
1004 1985 1172 2072 πέμπουσι

214 2079 304 2170 παρά
327 2079 407 2160 τούς
429 2087 606 2162 Τενεδίους
628 2083 685 2150 καί
707 2081 883 2152 κελεάουσι
898 2082 956 2164 τάς
975 2084 1095 2171 στήλας
1112 2083 1172 2164 τάς

213 2179 528 2272 πρόςἈλέξανδρον
541 2183 595 2250 καί
610 2181 858 2270 τοάςἝλληνας
871 2186 1052 2273 γενομένας
1067 2191 1171 2273 σφίσι,

214 2282 337 2363 ταύτας
362 2283 425 2373 μὲν
448 2292 623 2371 καθελεῖν,
653 2282 736 2372 πρός
761 2297 908 2374 Δαρείον
932 2285 970 2355 δέ
994 2286 1088 2373 άγειν
1109 2283 1171 2373 τήν
1184 2311 1209 2353 ιο

181 2396 200 2451 3
216 2386 352 2474 εἰρήνην
364 2382 409 2473 ἣν
420 2385 474 2454 έπὶ
483 2381 700 2454 Ἀνταλκίδου
710 2391 844 2478 Δαρείῳ
852 2387 1047 2456 συνέθεντο.
1070 2397 1171 2457 Τενε-

215 2492 300 2568 δίοις
324 2486 362 2556 δέ
384 2485 424 2556 τά
447 2486 510 2575 μέν
532 2491 591 2574 τῆς
609 2484 744 2567 εάνοίας
762 2490 795 2568 ές
815 2485 1036 2575 Ἀλέξανδρόν
1057 2515 1094 2558 τε
1115 2487 1173 2556 καί

214 2587 295 2669 τούς
317 2587 481 2675 Ἕλληνας
510 2590 614 2658 ἐποίει
641 2593 785 2676 μᾶλλον·
833 2591 869 2658 έν
902 2589 940 2658 δὲ
961 2596 1009 2682 τῷ
1032 2588 1173 2679 παρόντι

214 2686 344 2776 άπορον
374 2687 483 2768 ἄλλως
509 2687 614 2757 έδόκει
638 2685 688 2758 ότι
710 2687 756 2777 μή
780 2690 1081 2778 προσχωρήσαντας
1102 2704 1172 2770 τοῖς

216 2789 361 2875 Πέρσαις
380 2787 553 2872 σώζεσθαι·
582 2789 653 2858 ἐπεὶ
671 2785 754 2858 οὐδέ
766 2786 945 2884 Ἡγελόχῳ,
963 2791 1030 2883 ὅτῳ
1048 2812 1168 2880 προσε·
1184 2814 1211 2858 ει

215 2890 350 2960 τέτακτο
366 2885 423 2958 ὑπ’
446 2884 665 2978 Ἀλεξάνδρου
689 2882 791 2970 αὖθις
808 2893 1011 2978 ξυναγαγεῖν
1028 2892 1174 2982 δύναμιν

215 2989 388 3077 ναυτικήν,
402 2989 546 3077 τοσαύτη
559 2993 748 3078 ξυνηγμένη
761 2983 805 3078 ἦν
819 2989 864 3072 άς
877 2990 917 3061 δι’
932 2991 1050 3080 ὀλίγον
1064 3013 1173 3082 προσ-

215 3097 321 3162 δοκᾶν
345 3097 483 3161 ἔσεσθαι
505 3090 548 3159 άν
573 3111 665 3179 σφισι
690 3090 766 3182 παρ’
785 3091 892 3162 αὐτοῦ
908 3121 983 3163 τινα
1000 3092 1171 3183 ὠφέλειαν.

215 3190 305 3262 οὕτω
328 3191 390 3279 μέν
415 3191 457 3280 δή
481 3197 517 3261 οί
538 3190 624 3281 άμφὶ
649 3193 866 3282 Φαρνάβαζον
888 3194 968 3275 τούς
996 3201 1172 3276 Τενεδίους

215 3293 313 3386 φόβῳ
330 3299 458 3382 μάλλον
474 3289 496 3382 ἢ
515 3293 693 3375 ἐθέλοντας
711 3294 970 3384 παρεστήσαντο.
1186 3323 1212 3367 ει

179 3407 198 3458 4
286 3392 341 3466 Ἐν
366 3393 404 3464 δέ
420 3393 528 3488 τούτῳ
546 3397 706 3485 Πρωτέας
731 3393 749 3467 ὁ
770 3393 988 3486 Ἀνδρονίκου
1013 3397 1174 3487 ἐτύγχανε

212 3494 276 3584 μὲν
305 3495 507 3584 ξυναγαγών
539 3498 572 3578 ἐξ
595 3494 744 3584 Εὐβοίας
772 3498 889 3566 τεκαὶ
912 3499 1175 3588 Πελοποννήσου
