2650 3948
225 245 267 310 28
579 244 829 306 ΑΛΕΞΑΝΔΡΟΤ

225 388 283 458 καὶ
308 393 377 456 τάν
403 391 510 471 πεζῦν
535 393 618 475 μίαν
643 385 755 474 τάξιν,
786 388 842 456 καί
875 385 940 476 πρό
966 386 1096 457 τούτων
1122 384 1185 474 τὴν

227 487 431 576 Σωκράτους
449 496 525 577 ίλην
542 496 751 576 Πτολεμαῖον
773 487 833 557 τόν
852 495 1022 560 Φιλίππου
1047 487 1183 576 άγοντα,

224 588 247 679 ἢ
265 589 307 677 δὴ
326 589 382 656 καὶ
400 587 563 676 ε’τῦγχανε
580 589 641 676 τὴν
658 583 839 678 ἡγεμονίαν
856 596 917 659 τοῦ
938 593 1077 659 ἱππικοῦ
1095 615 1184 658 παν-

197 691 282 770 ττδς
300 697 424 778 ἔχουσα
443 693 555 780 ἐκείνῃ
572 696 614 780 τῇ
631 689 752 782 ἡμέρα·
785 685 885 771 αῦτδς
903 691 941 760 δὲ
959 690 1052 776 άγων
1070 691 1107 760 τό
1126 696 1184 762 δε·

226 791 298 874 ξιόν
317 793 415 880 κέρας
432 786 501 862 ῦπό
521 798 717 878 σαλπίγγων
735 793 838 861 τεκαὶ
855 797 902 885 τςῦ
919 789 1081 885 Ἐνυαλίῳ
1099 789 1204 862 ἀλα-ε

226 893 380 976 λάζοντας
408 895 556 981 ἐμβαίνει
583 896 616 974 ἐς
641 893 701 962 τόν
719 892 844 983 πόρον,
870 893 970 980 λοξὴν
994 891 1047 962 άεί
1073 919 1184 983 παρα-

224 1002 345 1064 τείνων
367 992 431 1081 τὴν
452 994 545 1076 τάξιν
569 987 592 1083 ᾗ
610 1003 766 1083 παρεῖλκε
789 993 826 1063 τό
852 997 977 1084 βεῦμα,
1002 999 1060 1063 ἵνα
1078 994 1119 1082 δή
1138 995 1182 1083 μὴ

226 1099 413 1184 ἐκβαίνοντι
426 1093 519 1188 αὐτῷ
537 1100 572 1165 oc
583 1097 712 1184 Πέρσαι
724 1095 807 1164 κατά
820 1097 918 1184 κέρας
931 1102 1183 1184 προσπίπτοιεν,

225 1195 311 1266 ἄλλά
333 1196 389 1266 καί
412 1195 513 1277 αῦτδς
542 1195 586 1277 ὡς
610 1195 758 1266 ἀνυστόν
780 1203 823 1287 τῇ
847 1197 994 1285 φάλαγγι
1016 1199 1182 1287 προσμίξῃ

226 1296 352 1378 αῦτοίς.
1196 1327 1223 1368 ιο

179 1411 217 1476 15
305 1404 351 1470 Ol
371 1400 409 1469 δὲ
426 1400 556 1489 Πέρσαι
581 1390 603 1488 ᾗ
628 1403 751 1488 πρῦτοι
774 1403 809 1468 ολ
829 1396 915 1488 άμφλ
936 1394 1183 1489 Ἀμῦντανκαὶ

225 1501 411 1589 Σωκράτην
441 1502 629 1591 προσέσχον
660 1506 701 1590 τῇ
728 1499 834 1590 ὄχθῃ,
865 1500 970 1591 ταύτῃ
1001 1503 1058 1570 καὶ
1084 1497 1182 1571 αῦτοί

223 1601 359 1672 ἄνωθεν
385 1608 543 1690 ἔβαλλον,
571 1606 606 1670 οί
629 1601 691 1690 μὲν
717 1599 832 1671 αῦτῦν
856 1599 922 1670 άπό
947 1607 1006 1690 τῆς
1023 1601 1129 1691 ὄχθης
1148 1607 1181 1684 ἐξ

222 1702 424 1791 ὑπερδεξίου
452 1706 485 1783 ἐς
511 1701 570 1772 τόν
597 1702 749 1791 ποταμόν
776 1706 1057 1790 ἐσακοντίζοντες,
1087 1709 1122 1774 οί
1145 1702 1182 1773 δέ

220 1803 308 1873 κατά
320 1801 361 1872 τά
376 1803 616 1894 χθαμαλώτερα
630 1799 733 1891 αῦτῆς
751 1810 825 1874 ἐστε
844 1805 898 1874 ἐπὶ
911 1804 947 1874 τό
965 1805 1060 1894 ῦδωρ
1078 1833 1180 1874 κατα·
1195 1832 1222 1873 15
1309 1879 1310 1884 γ

197 1933 213 1980 2
223 1911 407 1992 βαίνοντες.
430 1905 487 1972 καὶ
504 1897 548 1992 ἦν
565 1908 633 1974 τῶν
649 1931 684 1974 τε
703 1906 833 1974 ίππέων
852 1903 1015 1995 ω’θισμός,
1033 1912 1101 1974 νῦν
1118 1907 1181 1995 μὲν

224 2008 392 2092 ἐκβαίνειν
410 2007 446 2074 ἐκ
462 2011 524 2075 τοῦ
542 2011 705 2094 ποταμοῦ,
722 2011 792 2076 νῦν
810 2004 844 2075 δ’
864 2017 987 2096 είργειυ
999 2007 1061 2094 τὴν
1074 2005 1181 2095 γἔκβα-

223 2126 288 2194 σιν,
307 2107 363 2174 καὶ
380 2113 515 2177 παλτῶν
529 2104 595 2175 άπό
612 2107 675 2194 μὲν
688 2113 756 2176 τῶν
769 2113 913 2196 Περσων
930 2108 1036 2196 πολλὴ
1052 2107 1180 2196 ἄφεσις,

222 2211 259 2277 αι’
273 2207 471 2289 Μακεδόνες
496 2208 534 2277 δὲ
557 2206 622 2289 ξῦν
638 2222 708 2288 τοῖς
732 2207 871 2297 δόρασιν
889 2209 1059 2296 ἐμάχοντο.
1094 2207 1181 2278 άλλά

222 2309 272 2402 τῷ
288 2336 323 2378 τε
340 2309 463 2396 πλήθει
488 2307 577 2378 πολῦ
597 2307 829 2397 ἐλαττούμενοι
846 2309 1043 2391 Μακεδόνες
1062 2313 1179 2380 έκακο-
1193 2339 1223 2380 το
1309 2305 1310 2354 ³

222 2411 361 2480 πάθουν
387 2415 424 2480 έν
447 2414 488 2501 τῇ
516 2409 630 2500 πρώτῃ
657 2413 830 2500 προσβολῇ
852 2412 910 2480 καὶ
927 2409 1024 2480 αῦτοί
1047 2415 1079 2494 ἐξ
1098 2410 1180 2499 άβε-

221 2519 320 2598 βαίου
338 2539 374 2582 τε
390 2513 447 2580 καί
471 2511 538 2600 ἅμα
555 2509 710 2580 κάτωθεν
736 2514 772 2580 ἐκ
795 2517 857 2581 τοῦ
881 2517 1031 2602 ποταμοῦ
1050 2508 1181 2601 άμυνό-

221 2640 325 2701 μενοι,
344 2618 379 2682 οί
396 2613 433 2682 δὲ
447 2614 575 2703 Πέρσαι
594 2615 626 2694 ἐξ
640 2609 840 2702 ὑπερδεξίου
854 2620 913 2701 τῆς
930 2612 1050 2703 όχδης
1069 2612 1180 2696 άλλως

221 2739 257 2782 τε
274 2715 331 2780 καί
348 2712 385 2782 τό
405 2713 581 2803 κράτιστον
597 2718 656 2800 τῆς
669 2720 835 2803 Περσικῆς
853 2719 958 2784 ἵππου
976 2714 1082 2805 ταύτῃ
1101 2718 1180 2784 έπε-

221 2815 375 2900 τέτακτο,
400 2818 435 2882 οἵ
456 2841 490 2884 τε
508 2815 688 2902 Μέμνονος
713 2821 830 2896 παῖδες
847 2817 904 2884 καὶ
921 2813 1023 2897 αῦτός
1041 2809 1058 2886 ό
1076 2817 1177 2905 Μέμ-
1192 2843 1222 2886 τε
1309 2837 1310 2868 ³

196 2942 292 2992 ενωυ
306 2911 388 3002 μετά
405 2914 534 2984 τούτων
549 2915 752 2986 ἐκιυδῦνευε.
776 2917 880 2986 καλοί
894 2917 957 3005 μὲν
970 2925 1094 3006 πρῶτοι
1110 2922 1180 2988 τῦυ
1309 2909 1310 2920 ¹

222 3014 433 3086 Μακεδόνων
457 3019 674 3104 ξυμμίξαντες
699 3031 769 3098 τοῖς
787 3018 932 3105 Πέρσαις
949 3019 1180 3107 κατεκόπησαν

221 3115 307 3204 πρός
331 3114 466 3204 αῦτῦν,
494 3116 615 3206 ἄνδρες
633 3115 756 3204 άγαδοὶ
774 3118 965 3208 γενόμενοι,
988 3120 1060 3190 ὅσοι
1077 3147 1116 3206 γε
1133 3119 1179 3209 μὴ
1309 3193 1310 3206 ,

221 3216 306 3306 πρός
316 3214 534 3305 Ἀλέξανδρον
547 3218 727 3302 πελάζοντα
740 3213 923 3289 άπέκλιναν
937 3217 1059 3291 αῦτῦυ.
1084 3219 1179 3292 Ἀλέ-
1309 3241 1310 3316 λ

221 3320 363 3408 ξαυδρος
380 3318 445 3408 γάρ
462 3319 526 3406 ἤδη
541 3327 683 3406 πλησίον
699 3313 760 3408 ἦν,
779 3320 847 3408 άμα
864 3317 901 3390 οἷ
914 3320 1007 3408 άγων
1022 3321 1060 3392 τό
1078 3324 1178 3411 κέρας
1193 3351 1218 3392 οι
1309 3349 1310 3392 ι

220 3419 259 3488 τό
277 3418 404 3507 δεξιόν,
429 3421 486 3488 καὶ
505 3419 657 3508 ἐμβάλλει
676 3423 708 3500 ἐς
726 3419 806 3501 τοῦς
823 3422 957 3512 Πέρσας
974 3429 1103 3513 πρῶτος
1121 3430 1179 3494 ἵνα
1309 3421 1310 3424 “

222 3519 258 3590 τό
276 3527 345 3591 πᾶν
363 3535 480 3610 στῖφος
498 3524 556 3609 τῆς
574 3527 680 3590 ἵππου
694 3523 750 3590 καὶ
769 3520 866 3592 αῦτοὶ
884 3529 919 3593 οί
933 3518 1093 3614 ἡγεμόνες
1111 3530 1180 3596 των
