2664 3946
236 271 298 340 100
582 271 833 330 ’ΔΛΕΞΔΝΔΡΟΤ

231 413 345 497 ἄλλοις
360 425 455 496 θεοῖς
472 415 529 485 καὶ
546 420 594 508 τῷ
609 415 722 486 Ἀπιδι
738 417 795 485 καλ
812 413 928 502 ἀγῶνα
947 417 1081 504 ἐποίησε
1097 439 1187 502 γυμ-

231 515 329 586 νικόν
345 519 451 587 τεκαὶ
469 517 646 606 μουσικόν·
664 509 747 604 ἧκον
764 515 803 587 δὲ
816 515 909 608 αύτῷ
928 521 964 586 οί
974 515 1062 605 ἀμφὶ
1079 517 1188 584 ταῦτα

231 633 378 705 τεχνῖται
392 622 428 688 ἐκ
441 621 499 706 τῆς
509 619 666 698 Ἑλλύδος
683 623 720 687 οί
733 615 959 704 δοκιμτότατοι.
985 621 1021 688 ἐκ
1034 616 1072 687 δὲ
1085 618 1187 704 Μέμ·
1209 639 1211 642 ·

233 747 310 807 φιος
333 722 488 790 κατέπλει
510 719 594 788 κατὰ
617 719 680 788 τόν
696 717 848 806 ποταμόν
872 716 918 799 ῦς
937 720 993 788 ἐπὶ
1009 718 1188 789 θάλασσαν

232 822 316 902 τούς
339 848 375 891 τε
390 821 602 901 ὑπασπιστὰς
626 820 682 890 ἐπὶ
704 823 773 887 τῦν
789 821 877 888 νεῦν
894 820 1010 908 λαβὼν
1026 821 1084 889 καὶ
1105 819 1213 900 τοδςι

234 923 372 1006 τοξότας
394 925 452 992 καλ
475 923 557 1003 τούς
584 921 760 1011 Ἀγριᾶνας
784 922 843 990 καὶ
872 923 943 989 τῶν
974 923 1104 990 ίππέιιν
1125 921 1188 1007 τὴν

200 1033 218 1086 ⁶
235 1023 408 1112 βασιλικὴν
417 1032 492 1111 λλην
504 1023 565 1112 τὴν
578 1025 646 1092 τῦν
657 1025 808 1111 ἑταίρων.
841 1021 953 1091 ἐλθόν
966 1021 1005 1092 δὲ
1019 1025 1053 1102 ἐς
1062 1020 1188 1092 Κόνω-

234 1133 297 1214 βον
314 1124 470 1194 καὶκατὰ
488 1124 551 1210 τὴν
574 1131 697 1212 λίμνην
720 1123 783 1210 τὴν
801 1129 942 1210 Μαρίαν
965 1121 1188 1211 περιπλεύσας

235 1225 409 1315 ἀποβαίνει
417 1223 504 1295 ὅπου
513 1227 580 1294 νῦν
589 1223 819 1312 Ἀλεξύνδρεια
829 1223 925 1302 πόλις
936 1220 1082 1314 ᾤκισται,
1092 1221 1187 1293 Ἀλε-

235 1327 381 1414 ξύνδρου
400 1324 586 1414 ἐπώνυμος.
622 1327 680 1393 καὶ
699 1325 811 1405 ἔδοξεν
827 1323 921 1415 αύτῷ
941 1322 959 1393 ὁ
977 1329 1085 1413 χῶρος
1101 1324 1186 1393 κοίλ-
1200 1352 1227 1394 ιι

235 1437 344 1508 λιστος
360 1434 472 1496 κτίσαι
486 1430 523 1497 ἐν
536 1425 629 1518 αύτῷ
648 1425 747 1496 πόλιν
763 1427 821 1495 καλ
838 1426 996 1512 γενέσθαι
1012 1422 1055 1494 ἂν
1069 1424 1188 1496 εῦδαί-

235 1555 321 1616 μονα
342 1528 405 1616 τὴν
429 1527 537 1598 πόλιν.
586 1526 694 1607 πόθος
719 1517 782 1596 οῦν
811 1525 973 1616 λαμβάνει
995 1525 1102 1597 αύτδν
1124 1529 1187 1596 τοῦ

237 1637 357 1718 ἔργον,
380 1630 437 1698 καλ
461 1627 566 1708 αῦτδς
583 1629 624 1696 τὰ
651 1644 769 1716 σημεῖα
790 1631 833 1716 τῇ
853 1628 947 1697 πόλει
966 1635 1105 1716 έθηκεν,
1130 1632 1188 1697 ἵνα

234 1757 271 1800 τε
287 1728 417 1817 ἀγορὰν
435 1732 472 1798 ἐν
490 1728 577 1819 αὐτῇ
597 1735 776 1816 δείμασθαι
795 1734 860 1799 ἔδει
876 1731 934 1798 καὶ
954 1729 1025 1818 ἱεροὶ
1043 1727 1106 1820 ὅσα
1129 1729 1188 1797 καὶ

234 1835 326 1901 θεῶν
345 1820 393 1898 ὦν
411 1856 525 1920 τινων,
541 1835 611 1899 τῶν
628 1830 690 1918 μὲν
705 1830 916 1918 Ἑλληνικῶν,
927 1828 1051 1911 Ἴσιδος
1068 1829 1107 1899 δέ
1120 1836 1187 1900 Ac·
1199 1859 1225 1902 τι

234 1938 399 2019 γυπτίας,
422 1932 479 2000 καλ
502 1931 540 2002 τδ
564 1947 671 2018 τεῖχος
693 1922 717 2019 ᾖ
741 1933 1008 2021 περιβεβλῆσθαι.
1049 1933 1107 2001 καὶ
1132 1932 1187 2000 ἐπὶ

234 2031 366 2112 τούτοις
385 2032 517 2119 ἐθύετο,
534 2035 591 2101 καὶ
607 2033 649 2100 τὰ
671 2032 742 2121 λερδι
759 2032 844 2101 καλοὶ
865 2036 1028 2119 ἐφαίνετο.

205 2139 227 2206 2
310 2135 452 2220 Λέγεται
474 2135 516 2202 δέ
530 2159 579 2213 τις
601 2135 659 2202 καὶ
675 2133 806 2203 τοιόσδε
826 2134 945 2223 λόγος,
969 2133 1033 2202 οῦκ
1050 2131 1187 2213 ἄπιστος

236 2240 361 2322 ἔμοιγε·
381 2236 509 2305 ἐθέλειν
517 2232 804 2324 μένἈλεἘανδρον
812 2243 1022 2306 καταλείπειν
1032 2233 1137 2304 αύτδν
1145 2235 1186 2303 τὰ

235 2351 353 2424 σημεῖα
366 2339 426 2405 τοῦ
440 2339 607 2424 τειχισμοῦ
620 2351 692 2416 τοῖς
704 2337 867 2423 τέκτοσιν,
884 2334 948 2406 οῦκ
961 2334 1048 2406 εἶναι
1064 2335 1103 2406 δὲ
1120 2333 1186 2428 ότφ
1198 2367 1225 2408 ιο

233 2437 297 2524 τὴν
318 2441 383 2524 γῆν
408 2437 646 2524 ἐπιγράψουσι·
669 2439 739 2506 τῶν
763 2438 803 2524 δὴ
825 2436 991 2507 τεκτόνων
1013 2438 1088 2506 τινὰ
1114 2440 1187 2506 ἐπι-

235 2540 449 2626 φρασθέντα,
476 2536 538 2608 όσα
563 2540 600 2607 ἐν
622 2537 775 2626 τεύχεσιν
792 2536 914 2625 ἄλφιτα
932 2543 969 2608 οί
992 2543 1188 2627 στρατιῶται

237 2639 384 2726 ἐκόμιζον
407 2639 641 2726 ξυναγαγόντα
671 2639 860 2726 ἐπιβάλλειν
882 2642 924 2730 τῇ
950 2643 995 2730 γῇ
1023 2645 1143 2730 ἵναπερ
1167 2637 1186 2708 ό

234 2739 390 2827 βασιλεύς
406 2739 589 2828 ὑφηγεῖτο,
614 2742 670 2809 καὶ
687 2739 748 2809 τόν
764 2740 891 2810 κύκλον
914 2739 1004 2811 οῦτοι
1026 2765 1187 2830 περιγρα-

235 2842 339 2928 φῆναι
367 2844 428 2908 τοῦ
461 2843 702 2929 περιτειχισμοῦ
717 2833 720 2839 ’
733 2837 847 2911 ὅντινα
875 2845 917 2932 τῇ
948 2841 1043 2912 πόλει
1073 2845 1185 2912 ἐποίει.
1198 2871 1224 2914 ιε

200 2953 218 3006 8
234 2944 336 3010 τοῦτο
353 2939 391 3010 δέ
410 2943 665 3030 ἐπιλεξαμένους
677 2942 759 3022 τοῦς
771 2943 905 3030 μάντεις
917 2947 974 3014 καλ
987 2943 1128 3031 μάλιστα
1145 2944 1187 3030 δὴ

229 3040 472 3132 Ἀρίστανδρον
488 3042 549 3111 τὸν
572 3045 765 3132 Τελμισσέα,
783 3040 820 3123 ὃς
838 3045 879 3132 δὴ
898 3043 1005 3114 πολλὰ
1023 3041 1110 3132 [μέν]
1128 3047 1187 3113 καὶ

234 3142 319 3212 ἄλλα
337 3141 524 3232 ἀληθεῦσαι
548 3146 677 3232 ἐλέγετο
697 3144 923 3238 Ἀλεξάνδρῳ,
946 3145 1051 3233 φέναι
1068 3143 1187 3216 εύδαί·

233 3271 320 3332 μονα
339 3249 473 3315 ἔσεσθαι
494 3245 556 3334 τὴν
574 3246 673 3316 πόλιν
689 3245 732 3315 τοί
755 3273 791 3315 τε
807 3244 893 3315 ἄλλα
909 3247 966 3316 καὶ
983 3249 1053 3316 νῦν
1072 3250 1109 3318 ἐκ
1125 3247 1186 3333 γῆς
1313 3301 1314 3311 ,

233 3348 373 3435 καρπῶν
391 3351 510 3417 ε’ίνεκα.
1198 3375 1222 3417 ιο
1312 3435 1313 3442 ¹

200 3459 217 3511 a
305 3445 362 3519 Ἑν
379 3448 488 3540 τούτῳ
502 3447 539 3516 δέ
551 3448 609 3517 καλ
623 3447 801 3534 Ἡγέλοχος
813 3449 1040 3520 κατέπλευσεν
1058 3455 1106 3529 είς
1120 3459 1186 3520 Ac·
1312 3451 1313 3458 '

233 3573 366 3634 γυπτον
390 3550 447 3617 καλ
470 3547 670 3637 ἀπαγγέλλει
701 3547 910 3644 Ἀλεξάνδρῳ
946 3555 1123 3631 Τενεδίους
1150 3577 1187 3621 τε
1311 3595 1312 3611 1
