<?xml version="1.0" encoding="UTF-8"?>
<!DOCTYPE html PUBLIC "-//W3C//DTD XHTML 1.0 Transitional//EN"
    "http://www.w3.org/TR/xhtml1/DTD/xhtml1-transitional.dtd">
<html xmlns="http://www.w3.org/1999/xhtml" xml:lang="en" lang="en">
 <head>
  <title>
</title>
<meta http-equiv="Content-Type" content="text/html;charset=utf-8" />
  <meta name='ocr-system' content='tesseract 3.04.00' />
  <meta name='ocr-capabilities' content='ocr_page ocr_carea ocr_par ocr_line ocrx_word'/>
</head>
<body>
  <div class='ocr_page' id='page_1' title='image "./arrianianabasis00abicgoog_0290.png"; bbox 0 0 2678 3950; ppageno 0'>
   <div class='ocr_carea' id='block_1_1' title="bbox 485 231 1108 298">
    <p class='ocr_par' dir='ltr' id='par_1_1' title="bbox 485 231 1108 298">
     <span class='ocr_line' id='line_1_1' title="bbox 485 231 1108 298; baseline -0.003 -16"><span class='ocrx_word' id='word_1_1' title='bbox 485 231 669 284; x_wconf 69' lang='lat' dir='ltr'><strong><em>mmm</em></strong></span> <span class='ocrx_word' id='word_1_2' title='bbox 687 234 716 294; x_wconf 87' lang='grc' dir='ltr'><strong><em>ο,</em></strong></span> <span class='ocrx_word' id='word_1_3' title='bbox 737 235 776 283; x_wconf 85' lang='lat'><strong><em>11.</em></strong></span> <span class='ocrx_word' id='word_1_4' title='bbox 1044 231 1108 298; x_wconf 79' lang='lat'><strong><em>259</em></strong></span> 
     </span>
    </p>
   </div>
   <div class='ocr_carea' id='block_1_2' title="bbox 110 385 1144 3003">
    <p class='ocr_par' dir='ltr' id='par_1_2' title="bbox 110 385 1144 3003">
     <span class='ocr_line' id='line_1_2' title="bbox 150 385 1108 480; baseline 0.002 -22"><span class='ocrx_word' id='word_1_5' title='bbox 150 387 293 476; x_wconf 92' lang='grc' dir='ltr'><strong><em>τεμόντα</em></strong></span> <span class='ocrx_word' id='word_1_6' title='bbox 309 387 372 474; x_wconf 88' lang='grc' dir='ltr'><strong><em>τῆν</em></strong></span> <span class='ocrx_word' id='word_1_7' title='bbox 388 385 517 477; x_wconf 86' lang='grc' dir='ltr'><strong><em>πληγήν</em></strong></span> <span class='ocrx_word' id='word_1_8' title='bbox 535 393 572 458; x_wconf 88' lang='grc' dir='ltr'><strong><em>οί</em></strong></span> <span class='ocrx_word' id='word_1_9' title='bbox 592 387 654 476; x_wconf 73' lang='grc' dir='ltr'><strong><em>μεν</em></strong></span> <span class='ocrx_word' id='word_1_10' title='bbox 672 387 883 477; x_wconf 74' lang='grc' dir='ltr'><em>Κριτόδημον</em></span> <span class='ocrx_word' id='word_1_11' title='bbox 900 388 1108 480; x_wconf 76' lang='grc' dir='ltr'><strong><em>ἀνέγραψαν,</em></strong></span> 
     </span>
     <span class='ocr_line' id='line_1_3' title="bbox 154 487 1108 579; baseline 0.001 -19"><span class='ocrx_word' id='word_1_12' title='bbox 154 488 270 578; x_wconf 77' lang='grc' dir='ltr'><strong><em>ἰατρόν</em></strong></span> <span class='ocrx_word' id='word_1_13' title='bbox 292 494 403 576; x_wconf 70' lang='grc' dir='ltr'><strong><em>Κοῖον,</em></strong></span> <span class='ocrx_word' id='word_1_14' title='bbox 428 489 466 558; x_wconf 87' lang='grc' dir='ltr'><strong><em>τό</em></strong></span> <span class='ocrx_word' id='word_1_15' title='bbox 491 489 589 576; x_wconf 86' lang='grc' dir='ltr'><strong><em>γένος</em></strong></span> <span class='ocrx_word' id='word_1_16' title='bbox 614 494 683 558; x_wconf 84' lang='grc' dir='ltr'><strong><em>τάν</em></strong></span> <span class='ocrx_word' id='word_1_17' title='bbox 698 487 956 579; x_wconf 69' lang='grc' dir='ltr'><strong><em>Ἀσκληπιάδην·</em></strong></span> <span class='ocrx_word' id='word_1_18' title='bbox 999 496 1036 559; x_wconf 86' lang='grc' dir='ltr'><strong><em>οί</em></strong></span> <span class='ocrx_word' id='word_1_19' title='bbox 1058 494 1108 578; x_wconf 89' lang='grc' dir='ltr'><strong><em>δέ,</em></strong></span> 
     </span>
     <span class='ocr_line' id='line_1_4' title="bbox 152 588 1108 684; baseline 0 -23"><span class='ocrx_word' id='word_1_20' title='bbox 152 595 345 680; x_wconf 81' lang='grc' dir='ltr'><strong><em>Περδίκκαν</em></strong></span> <span class='ocrx_word' id='word_1_21' title='bbox 370 588 431 659; x_wconf 86' lang='grc' dir='ltr'><strong><em>τόν</em></strong></span> <span class='ocrx_word' id='word_1_22' title='bbox 457 590 736 678; x_wconf 75' lang='grc' dir='ltr'><strong><em>σωματοφύλακα,</em></strong></span> <span class='ocrx_word' id='word_1_23' title='bbox 763 589 804 660; x_wconf 84' lang='grc' dir='ltr'><strong><em>οό</em></strong></span> <span class='ocrx_word' id='word_1_24' title='bbox 823 592 987 680; x_wconf 89' lang='grc' dir='ltr'><strong><em>παρόντος</em></strong></span> <span class='ocrx_word' id='word_1_25' title='bbox 1007 594 1108 684; x_wconf 78' lang='grc' dir='ltr'><strong><em>ἐντῷ</em></strong></span> 
     </span>
     <span class='ocr_line' id='line_1_5' title="bbox 152 689 1109 784; baseline 0.001 -23"><span class='ocrx_word' id='word_1_26' title='bbox 152 694 251 783; x_wconf 77' lang='grc' dir='ltr'><strong><em>δεινῷ</em></strong></span> <span class='ocrx_word' id='word_1_27' title='bbox 271 695 402 781; x_wconf 81' lang='grc' dir='ltr'><strong><em>ίατροῦ,</em></strong></span> <span class='ocrx_word' id='word_1_28' title='bbox 421 691 704 779; x_wconf 77' lang='grc' dir='ltr'><strong><em>ἐγκελευσαμένου</em></strong></span> <span class='ocrx_word' id='word_1_29' title='bbox 715 689 937 780; x_wconf 82' lang='grc' dir='ltr'><strong><em>Ἀλεξάνδρου</em></strong></span> <span class='ocrx_word' id='word_1_30' title='bbox 955 699 1002 784; x_wconf 76' lang='grc' dir='ltr'><strong><em>τῷ</em></strong></span> <span class='ocrx_word' id='word_1_31' title='bbox 1021 693 1109 780; x_wconf 77' lang='grc' dir='ltr'><strong><em>ξίφει</em></strong></span> 
     </span>
     <span class='ocr_line' id='line_1_6' title="bbox 110 792 1142 884; baseline -0.001 -23"><span class='ocrx_word' id='word_1_32' title='bbox 110 819 125 861; x_wconf 85' lang='grc' dir='ltr'><strong><em>ε</em></strong></span> <span class='ocrx_word' id='word_1_33' title='bbox 153 795 318 880; x_wconf 75' lang='grc' dir='ltr'><strong><em>ἐπιτεμεῖν</em></strong></span> <span class='ocrx_word' id='word_1_34' title='bbox 342 792 404 878; x_wconf 85' lang='grc' dir='ltr'><strong><em>τήν</em></strong></span> <span class='ocrx_word' id='word_1_35' title='bbox 430 793 561 881; x_wconf 87' lang='grc' dir='ltr'><strong><em>πληγήν</em></strong></span> <span class='ocrx_word' id='word_1_36' title='bbox 579 793 635 861; x_wconf 77' lang='grc' dir='ltr'><strong><em>καὶ</em></strong></span> <span class='ocrx_word' id='word_1_37' title='bbox 653 799 855 884; x_wconf 90' lang='grc' dir='ltr'><strong><em>κομίσασθαι</em></strong></span> <span class='ocrx_word' id='word_1_38' title='bbox 872 793 910 862; x_wconf 90' lang='grc' dir='ltr'><strong><em>τό</em></strong></span> <span class='ocrx_word' id='word_1_39' title='bbox 927 795 1034 882; x_wconf 81' lang='grc' dir='ltr'><strong><em>βέλος.</em></strong></span> <span class='ocrx_word' id='word_1_40' title='bbox 1072 797 1108 864; x_wconf 86' lang='grc' dir='ltr'><strong><em>ἐν</em></strong></span> <span class='ocrx_word' id='word_1_41' title='bbox 1126 811 1142 860; x_wconf 74' lang='lat'><strong>2</strong></span> 
     </span>
     <span class='ocr_line' id='line_1_7' title="bbox 152 892 1109 989; baseline 0.001 -26"><span class='ocrx_word' id='word_1_42' title='bbox 152 893 190 964; x_wconf 77' lang='grc' dir='ltr'><strong><em>δέ</em></strong></span> <span class='ocrx_word' id='word_1_43' title='bbox 214 899 256 981; x_wconf 83' lang='grc' dir='ltr'><strong><em>τῆ</em></strong></span> <span class='ocrx_word' id='word_1_44' title='bbox 282 895 403 982; x_wconf 88' lang='grc' dir='ltr'><strong><em>κομιδῆ</em></strong></span> <span class='ocrx_word' id='word_1_45' title='bbox 426 892 514 981; x_wconf 86' lang='grc' dir='ltr'><strong><em>φορά</em></strong></span> <span class='ocrx_word' id='word_1_46' title='bbox 533 899 671 989; x_wconf 80' lang='grc' dir='ltr'><strong><em>αἵματος</em></strong></span> <span class='ocrx_word' id='word_1_47' title='bbox 689 899 817 962; x_wconf 78' lang='grc' dir='ltr'><strong><em>πολλοῦ</em></strong></span> <span class='ocrx_word' id='word_1_48' title='bbox 835 900 997 981; x_wconf 89' lang='grc' dir='ltr'><strong><em>γίγνεται,</em></strong></span> <span class='ocrx_word' id='word_1_49' title='bbox 1024 892 1109 965; x_wconf 72' lang='grc' dir='ltr'><strong><em>ὥστε</em></strong></span> 
     </span>
     <span class='ocr_line' id='line_1_8' title="bbox 150 985 1109 1084; baseline 0 -20"><span class='ocrx_word' id='word_1_50' title='bbox 150 997 392 1082; x_wconf 78' lang='grc' dir='ltr'><strong><em>λειποψυχῆσαι</em></strong></span> <span class='ocrx_word' id='word_1_51' title='bbox 413 985 514 1074; x_wconf 80' lang='grc' dir='ltr'><strong><em>αὖθις</em></strong></span> <span class='ocrx_word' id='word_1_52' title='bbox 529 991 748 1084; x_wconf 82' lang='grc' dir='ltr'><strong><em>Ἀλέξανδρον</em></strong></span> <span class='ocrx_word' id='word_1_53' title='bbox 765 995 823 1064; x_wconf 81' lang='grc' dir='ltr'><strong><em>καὶ</em></strong></span> <span class='ocrx_word' id='word_1_54' title='bbox 840 993 930 1064; x_wconf 77' lang='grc' dir='ltr'><strong><em>οὕτω</em></strong></span> <span class='ocrx_word' id='word_1_55' title='bbox 947 999 1109 1083; x_wconf 80' lang='grc' dir='ltr'><strong><em>σχεθῆναι</em></strong></span> 
     </span>
     <span class='ocr_line' id='line_1_9' title="bbox 151 1090 1109 1188; baseline 0.003 -24"><span class='ocrx_word' id='word_1_56' title='bbox 151 1093 244 1188; x_wconf 76' lang='grc' dir='ltr'><strong><em>αὐτῷ</em></strong></span> <span class='ocrx_word' id='word_1_57' title='bbox 270 1094 309 1164; x_wconf 88' lang='grc' dir='ltr'><strong><em>τό</em></strong></span> <span class='ocrx_word' id='word_1_58' title='bbox 335 1090 418 1182; x_wconf 79' lang='grc' dir='ltr'><strong><em>αἷμα</em></strong></span> <span class='ocrx_word' id='word_1_59' title='bbox 443 1093 513 1164; x_wconf 84' lang='grc' dir='ltr'><strong><em>άπὸ</em></strong></span> <span class='ocrx_word' id='word_1_60' title='bbox 539 1099 580 1183; x_wconf 87' lang='grc' dir='ltr'><strong><em>τῆ</em></strong></span> <span class='ocrx_word' id='word_1_61' title='bbox 602 1101 811 1187; x_wconf 79' lang='grc' dir='ltr'><strong><em>λειποψυχίᾳ.</em></strong></span> <span class='ocrx_word' id='word_1_62' title='bbox 856 1095 962 1164; x_wconf 87' lang='grc' dir='ltr'><strong><em>πολλά</em></strong></span> <span class='ocrx_word' id='word_1_63' title='bbox 988 1096 1026 1166; x_wconf 68' lang='grc' dir='ltr'><strong><em>δὲ</em></strong></span> <span class='ocrx_word' id='word_1_64' title='bbox 1052 1099 1109 1167; x_wconf 76' lang='grc' dir='ltr'><strong><em>καὶ</em></strong></span> 
     </span>
     <span class='ocr_line' id='line_1_10' title="bbox 151 1193 1110 1286; baseline 0.001 -21"><span class='ocrx_word' id='word_1_65' title='bbox 151 1195 236 1266; x_wconf 76' lang='grc' dir='ltr'><strong><em>ἄλλα</em></strong></span> <span class='ocrx_word' id='word_1_66' title='bbox 266 1193 515 1285; x_wconf 76' lang='grc' dir='ltr'><strong><em>ἀναγέγραπται</em></strong></span> <span class='ocrx_word' id='word_1_67' title='bbox 546 1211 615 1277; x_wconf 84' lang='grc' dir='ltr'><strong><em>τοῖς</em></strong></span> <span class='ocrx_word' id='word_1_68' title='bbox 651 1197 903 1284; x_wconf 80' lang='grc' dir='ltr'><strong><em>ξυγγραφεῦσιν</em></strong></span> <span class='ocrx_word' id='word_1_69' title='bbox 934 1196 1022 1286; x_wconf 76' lang='grc' dir='ltr'><strong><em>άπέρ</em></strong></span> <span class='ocrx_word' id='word_1_70' title='bbox 1048 1202 1110 1266; x_wconf 78' lang='grc' dir='ltr'><strong><em>τοῦ</em></strong></span> 
     </span>
     <span class='ocr_line' id='line_1_11' title="bbox 112 1295 1107 1387; baseline 0.001 -22"><span class='ocrx_word' id='word_1_71' title='bbox 112 1325 138 1365; x_wconf 88' lang='grc' dir='ltr'><strong><em>ιο</em></strong></span> <span class='ocrx_word' id='word_1_72' title='bbox 151 1296 358 1385; x_wconf 81' lang='grc' dir='ltr'><strong><em>παθήματος,</em></strong></span> <span class='ocrx_word' id='word_1_73' title='bbox 388 1297 444 1366; x_wconf 81' lang='grc' dir='ltr'><strong><em>καὶ</em></strong></span> <span class='ocrx_word' id='word_1_74' title='bbox 469 1295 491 1384; x_wconf 88' lang='grc' dir='ltr'><strong><em>ῆ</em></strong></span> <span class='ocrx_word' id='word_1_75' title='bbox 517 1296 609 1384; x_wconf 92' lang='grc' dir='ltr'><strong><em>φήμη</em></strong></span> <span class='ocrx_word' id='word_1_76' title='bbox 635 1297 886 1387; x_wconf 68' lang='grc' dir='ltr'><strong><em>παραδεξαμένη</em></strong></span> <span class='ocrx_word' id='word_1_77' title='bbox 914 1295 999 1366; x_wconf 85' lang='grc' dir='ltr'><strong><em>αάτδι</em></strong></span> <span class='ocrx_word' id='word_1_78' title='bbox 1023 1298 1107 1366; x_wconf 85' lang='grc' dir='ltr'><strong><em>κατά</em></strong></span> 
     </span>
     <span class='ocr_line' id='line_1_12' title="bbox 149 1396 1109 1487; baseline 0 -20"><span class='ocrx_word' id='word_1_79' title='bbox 149 1398 229 1478; x_wconf 82' lang='grc' dir='ltr'><strong><em>τούς</em></strong></span> <span class='ocrx_word' id='word_1_80' title='bbox 242 1397 396 1485; x_wconf 81' lang='grc' dir='ltr'><strong><em>κράτους</em></strong></span> <span class='ocrx_word' id='word_1_81' title='bbox 413 1399 646 1486; x_wconf 81' lang='grc' dir='ltr'><strong><em>ψευσαμένους</em></strong></span> <span class='ocrx_word' id='word_1_82' title='bbox 661 1405 708 1468; x_wconf 81' lang='grc' dir='ltr'><strong><em>ἔτι</em></strong></span> <span class='ocrx_word' id='word_1_83' title='bbox 720 1400 776 1466; x_wconf 86' lang='grc' dir='ltr'><strong><em>καὶ</em></strong></span> <span class='ocrx_word' id='word_1_84' title='bbox 789 1404 837 1479; x_wconf 88' lang='grc' dir='ltr'><strong><em>είς</em></strong></span> <span class='ocrx_word' id='word_1_85' title='bbox 849 1396 936 1486; x_wconf 84' lang='grc' dir='ltr'><strong><em>ήμᾶς</em></strong></span> <span class='ocrx_word' id='word_1_86' title='bbox 950 1398 1109 1487; x_wconf 72' lang='grc' dir='ltr'><strong><em>διασώζει,</em></strong></span> 
     </span>
     <span class='ocr_line' id='line_1_13' title="bbox 150 1496 1108 1588; baseline 0.002 -21"><span class='ocrx_word' id='word_1_87' title='bbox 150 1496 232 1567; x_wconf 72' lang='grc' dir='ltr'><strong><em>οὐδὲ</em></strong></span> <span class='ocrx_word' id='word_1_88' title='bbox 250 1498 370 1587; x_wconf 78' lang='grc' dir='ltr'><strong><em>ἀφήσει</em></strong></span> <span class='ocrx_word' id='word_1_89' title='bbox 385 1503 618 1588; x_wconf 77' lang='grc' dir='ltr'><strong><em>παραδιδοῦσα</em></strong></span> <span class='ocrx_word' id='word_1_90' title='bbox 634 1500 692 1568; x_wconf 81' lang='grc' dir='ltr'><strong><em>καὶ</em></strong></span> <span class='ocrx_word' id='word_1_91' title='bbox 706 1500 823 1587; x_wconf 87' lang='grc' dir='ltr'><strong><em>ἐφεξῆς</em></strong></span> <span class='ocrx_word' id='word_1_92' title='bbox 840 1497 953 1580; x_wconf 75' lang='grc' dir='ltr'><strong><em>ἄλλοις</em></strong></span> <span class='ocrx_word' id='word_1_93' title='bbox 966 1499 1007 1570; x_wconf 85' lang='grc' dir='ltr'><strong><em>τά</em></strong></span> <span class='ocrx_word' id='word_1_94' title='bbox 1021 1511 1108 1580; x_wconf 85' lang='grc' dir='ltr'><strong><em>ψευ-</em></strong></span> 
     </span>
     <span class='ocr_line' id='line_1_14' title="bbox 152 1597 1065 1688; baseline 0.001 -21"><span class='ocrx_word' id='word_1_95' title='bbox 152 1604 213 1686; x_wconf 90' lang='grc' dir='ltr'><strong><em>δῆ,</em></strong></span> <span class='ocrx_word' id='word_1_96' title='bbox 240 1605 271 1670; x_wconf 83' lang='grc' dir='ltr'><strong><em>εί</em></strong></span> <span class='ocrx_word' id='word_1_97' title='bbox 295 1599 340 1688; x_wconf 89' lang='grc' dir='ltr'><strong><em>μῆ</em></strong></span> <span class='ocrx_word' id='word_1_98' title='bbox 364 1597 431 1668; x_wconf 84' lang='grc' dir='ltr'><strong><em>δπδ</em></strong></span> <span class='ocrx_word' id='word_1_99' title='bbox 457 1606 561 1688; x_wconf 87' lang='grc' dir='ltr'><strong><em>τῆσδε</em></strong></span> <span class='ocrx_word' id='word_1_100' title='bbox 586 1605 646 1688; x_wconf 90' lang='grc' dir='ltr'><strong><em>τῆς</em></strong></span> <span class='ocrx_word' id='word_1_101' title='bbox 673 1601 869 1687; x_wconf 86' lang='grc' dir='ltr'><strong><em>ξυγγραφῆς</em></strong></span> <span class='ocrx_word' id='word_1_102' title='bbox 895 1599 1065 1670; x_wconf 76' lang='grc' dir='ltr'><strong><em>παύσεται.</em></strong></span> 
     </span>
     <span class='ocr_line' id='line_1_15' title="bbox 229 1696 1143 1791; baseline -0.003 -21"><span class='ocrx_word' id='word_1_103' title='bbox 229 1696 359 1770; x_wconf 81' lang='grc' dir='ltr'><strong><em>Αὐτίκα</em></strong></span> <span class='ocrx_word' id='word_1_104' title='bbox 386 1703 423 1770; x_wconf 84' lang='grc' dir='ltr'><strong><em>ἐν</em></strong></span> <span class='ocrx_word' id='word_1_105' title='bbox 437 1698 653 1791; x_wconf 80' lang='grc' dir='ltr'><strong><em>Ὀξυδράκαις</em></strong></span> <span class='ocrx_word' id='word_1_106' title='bbox 678 1699 715 1770; x_wconf 84' lang='grc' dir='ltr'><strong><em>τό</em></strong></span> <span class='ocrx_word' id='word_1_107' title='bbox 735 1702 875 1789; x_wconf 81' lang='grc' dir='ltr'><strong><em>πάθημα</em></strong></span> <span class='ocrx_word' id='word_1_108' title='bbox 892 1707 993 1770; x_wconf 78' lang='grc' dir='ltr'><strong><em>τοῦτο</em></strong></span> <span class='ocrx_word' id='word_1_109' title='bbox 1010 1701 1108 1787; x_wconf 86' lang='grc' dir='ltr'><strong><em>γενέ·</em></strong></span> <span class='ocrx_word' id='word_1_110' title='bbox 1127 1718 1143 1766; x_wconf 80' lang='lat'>³</span> 
     </span>
     <span class='ocr_line' id='line_1_16' title="bbox 114 1797 1109 1894; baseline 0.002 -26"><span class='ocrx_word' id='word_1_111' title='bbox 114 1827 140 1868; x_wconf 80' lang='grc' dir='ltr'><strong><em>ιε</em></strong></span> <span class='ocrx_word' id='word_1_112' title='bbox 153 1811 233 1870; x_wconf 88' lang='grc' dir='ltr'><strong><em>σθαι</em></strong></span> <span class='ocrx_word' id='word_1_113' title='bbox 252 1797 458 1894; x_wconf 80' lang='grc' dir='ltr'><strong><em>Ἀλεξάνδρςο</em></strong></span> <span class='ocrx_word' id='word_1_114' title='bbox 485 1799 502 1870; x_wconf 87' lang='grc' dir='ltr'>ὁ</span> <span class='ocrx_word' id='word_1_115' title='bbox 536 1807 602 1882; x_wconf 81' lang='grc' dir='ltr'><strong><em>τοῖς</em></strong></span> <span class='ocrx_word' id='word_1_116' title='bbox 628 1801 727 1888; x_wconf 87' lang='grc' dir='ltr'><strong><em>λόγος</em></strong></span> <span class='ocrx_word' id='word_1_117' title='bbox 752 1804 897 1888; x_wconf 84' lang='grc' dir='ltr'><strong><em>κατέχει·</em></strong></span> <span class='ocrx_word' id='word_1_118' title='bbox 940 1801 978 1870; x_wconf 85' lang='grc' dir='ltr'><strong><em>τό</em></strong></span> <span class='ocrx_word' id='word_1_119' title='bbox 1006 1801 1045 1870; x_wconf 70' lang='grc' dir='ltr'><strong><em>δὲ</em></strong></span> <span class='ocrx_word' id='word_1_120' title='bbox 1072 1805 1109 1871; x_wconf 88' lang='grc' dir='ltr'><strong><em>έν</em></strong></span> 
     </span>
     <span class='ocr_line' id='line_1_17' title="bbox 152 1901 1111 1996; baseline -0.002 -24"><span class='ocrx_word' id='word_1_121' title='bbox 152 1910 325 1990; x_wconf 77' lang='grc' dir='ltr'><strong><em>Μαλλοῖς,</em></strong></span> <span class='ocrx_word' id='word_1_122' title='bbox 354 1909 446 1974; x_wconf 82' lang='grc' dir='ltr'><strong><em>ἔθνει</em></strong></span> <span class='ocrx_word' id='word_1_123' title='bbox 472 1901 648 1996; x_wconf 76' lang='grc' dir='ltr'><strong><em>αὐτονόμῳ</em></strong></span> <span class='ocrx_word' id='word_1_124' title='bbox 672 1901 812 1996; x_wconf 76' lang='grc' dir='ltr'><strong><em>Ἰνδικῷ,</em></strong></span> <span class='ocrx_word' id='word_1_125' title='bbox 840 1903 980 1991; x_wconf 80' lang='grc' dir='ltr'><strong><em>ξυνέβη,</em></strong></span> <span class='ocrx_word' id='word_1_126' title='bbox 1005 1903 1061 1971; x_wconf 80' lang='grc' dir='ltr'><strong><em>καὶ</em></strong></span> <span class='ocrx_word' id='word_1_127' title='bbox 1088 1902 1111 1990; x_wconf 89' lang='grc' dir='ltr'><strong><em>ῆ</em></strong></span> 
     </span>
     <span class='ocr_line' id='line_1_18' title="bbox 150 1997 1109 2094; baseline 0 -22"><span class='ocrx_word' id='word_1_128' title='bbox 150 2029 186 2072; x_wconf 92' lang='grc' dir='ltr'><strong><em>τε</em></strong></span> <span class='ocrx_word' id='word_1_129' title='bbox 213 2004 308 2085; x_wconf 90' lang='grc' dir='ltr'><strong><em>πόλις</em></strong></span> <span class='ocrx_word' id='word_1_130' title='bbox 327 2010 479 2074; x_wconf 73' lang='grc' dir='ltr'><strong><em>Μαλλῶν</em></strong></span> <span class='ocrx_word' id='word_1_131' title='bbox 504 1997 548 2090; x_wconf 88' lang='grc' dir='ltr'><strong><em>ῆν</em></strong></span> <span class='ocrx_word' id='word_1_132' title='bbox 574 2005 630 2074; x_wconf 76' lang='grc' dir='ltr'><strong><em>καί</em></strong></span> <span class='ocrx_word' id='word_1_133' title='bbox 656 2009 692 2074; x_wconf 90' lang='grc' dir='ltr'><strong><em>οί</em></strong></span> <span class='ocrx_word' id='word_1_134' title='bbox 714 2002 873 2093; x_wconf 83' lang='grc' dir='ltr'><strong><em>βαλόντες</em></strong></span> <span class='ocrx_word' id='word_1_135' title='bbox 887 2003 1109 2094; x_wconf 76' lang='grc' dir='ltr'><strong><em>Ἁλέξανδρον</em></strong></span> 
     </span>
     <span class='ocr_line' id='line_1_19' title="bbox 152 2105 1121 2193; baseline -0.002 -19"><span class='ocrx_word' id='word_1_136' title='bbox 152 2113 303 2175; x_wconf 88' lang='grc' dir='ltr'><strong><em>Μαλλοί·</em></strong></span> <span class='ocrx_word' id='word_1_137' title='bbox 349 2113 386 2176; x_wconf 79' lang='grc' dir='ltr'><strong><em>οἳ</em></strong></span> <span class='ocrx_word' id='word_1_138' title='bbox 418 2105 459 2193; x_wconf 90' lang='grc' dir='ltr'><strong><em>δῆ</em></strong></span> <span class='ocrx_word' id='word_1_139' title='bbox 488 2106 678 2192; x_wconf 77' lang='grc' dir='ltr'><strong><em>ἐγνώκεσαν</em></strong></span> <span class='ocrx_word' id='word_1_140' title='bbox 703 2105 766 2193; x_wconf 72' lang='grc' dir='ltr'><strong><em>μὲν</em></strong></span> <span class='ocrx_word' id='word_1_141' title='bbox 792 2105 1011 2193; x_wconf 81' lang='grc' dir='ltr'><strong><em>ξυμμίξαντες</em></strong></span> <span class='ocrx_word' id='word_1_142' title='bbox 1037 2119 1121 2186; x_wconf 87' lang='grc' dir='ltr'><strong><em>τοίς</em></strong></span> 
     </span>
     <span class='ocr_line' id='line_1_20' title="bbox 148 2202 1109 2296; baseline -0.003 -20"><span class='ocrx_word' id='word_1_143' title='bbox 148 2202 363 2296; x_wconf 75' lang='grc' dir='ltr'><strong><em>Ὀξυδράκαις</em></strong></span> <span class='ocrx_word' id='word_1_144' title='bbox 389 2205 477 2276; x_wconf 78' lang='grc' dir='ltr'><strong><em>οὕτω</em></strong></span> <span class='ocrx_word' id='word_1_145' title='bbox 505 2210 769 2293; x_wconf 72' lang='grc' dir='ltr'><strong><em>διαγωνίζεσθαι,</em></strong></span> <span class='ocrx_word' id='word_1_146' title='bbox 798 2212 886 2293; x_wconf 80' lang='grc' dir='ltr'><strong><em>ἔφθη</em></strong></span> <span class='ocrx_word' id='word_1_147' title='bbox 913 2206 951 2274; x_wconf 72' lang='grc' dir='ltr'><strong><em>δὲ</em></strong></span> <span class='ocrx_word' id='word_1_148' title='bbox 978 2204 1032 2273; x_wconf 85' lang='grc' dir='ltr'><strong><em>διά</em></strong></span> <span class='ocrx_word' id='word_1_149' title='bbox 1050 2211 1109 2291; x_wconf 93' lang='grc' dir='ltr'><strong><em>τῆς</em></strong></span> 
     </span>
     <span class='ocr_line' id='line_1_21' title="bbox 115 2302 1111 2394; baseline 0 -20"><span class='ocrx_word' id='word_1_150' title='bbox 115 2305 304 2394; x_wconf 81' lang='grc' dir='ltr'><strong><em>εοάυάδρου</em></strong></span> <span class='ocrx_word' id='word_1_151' title='bbox 337 2302 390 2376; x_wconf 84' lang='grc' dir='ltr'><strong><em>ἐπ’</em></strong></span> <span class='ocrx_word' id='word_1_152' title='bbox 426 2307 552 2388; x_wconf 81' lang='grc' dir='ltr'><strong><em>αότοάς</em></strong></span> <span class='ocrx_word' id='word_1_153' title='bbox 585 2306 705 2387; x_wconf 80' lang='grc' dir='ltr'><strong><em>ἐλάσας</em></strong></span> <span class='ocrx_word' id='word_1_154' title='bbox 740 2313 821 2394; x_wconf 87' lang='grc' dir='ltr'><strong><em>πρίν</em></strong></span> <span class='ocrx_word' id='word_1_155' title='bbox 846 2333 919 2374; x_wconf 90' lang='grc' dir='ltr'><strong><em>τινα</em></strong></span> <span class='ocrx_word' id='word_1_156' title='bbox 947 2303 1111 2393; x_wconf 82' lang='grc' dir='ltr'><strong><em>άφέλειαυ</em></strong></span> 
     </span>
     <span class='ocr_line' id='line_1_22' title="bbox 152 2403 1110 2498; baseline -0.002 -22"><span class='ocrx_word' id='word_1_157' title='bbox 152 2405 269 2488; x_wconf 77' lang='grc' dir='ltr'><strong><em>αὐτοῖς</em></strong></span> <span class='ocrx_word' id='word_1_158' title='bbox 294 2407 385 2498; x_wconf 86' lang='grc' dir='ltr'><strong><em>παρά</em></strong></span> <span class='ocrx_word' id='word_1_159' title='bbox 417 2414 487 2477; x_wconf 82' lang='grc' dir='ltr'><strong><em>τῶν</em></strong></span> <span class='ocrx_word' id='word_1_160' title='bbox 509 2406 725 2498; x_wconf 77' lang='grc' dir='ltr'><strong><em>Ὀξυδρακῶν</em></strong></span> <span class='ocrx_word' id='word_1_161' title='bbox 750 2407 911 2492; x_wconf 91' lang='grc' dir='ltr'><strong><em>γενέσθαι</em></strong></span> <span class='ocrx_word' id='word_1_162' title='bbox 936 2403 957 2492; x_wconf 90' lang='grc' dir='ltr'><strong><em>ῆ</em></strong></span> <span class='ocrx_word' id='word_1_163' title='bbox 984 2404 1110 2486; x_wconf 83' lang='grc' dir='ltr'><strong><em>αότοδς</em></strong></span> 
     </span>
     <span class='ocr_line' id='line_1_23' title="bbox 154 2507 1144 2596; baseline -0.005 -19"><span class='ocrx_word' id='word_1_164' title='bbox 154 2511 291 2588; x_wconf 87' lang='grc' dir='ltr'><strong><em>εἰιείνοις</em></strong></span> <span class='ocrx_word' id='word_1_165' title='bbox 324 2535 354 2577; x_wconf 89' lang='grc' dir='ltr'><strong><em>τι</em></strong></span> <span class='ocrx_word' id='word_1_166' title='bbox 380 2511 600 2596; x_wconf 83' lang='grc' dir='ltr'><strong><em>ἐπωφελῆσαι.</em></strong></span> <span class='ocrx_word' id='word_1_167' title='bbox 652 2508 722 2576; x_wconf 75' lang='grc' dir='ltr'><strong><em>ἐπεὶ</em></strong></span> <span class='ocrx_word' id='word_1_168' title='bbox 748 2507 804 2574; x_wconf 83' lang='grc' dir='ltr'><strong><em>καὶ</em></strong></span> <span class='ocrx_word' id='word_1_169' title='bbox 829 2507 891 2594; x_wconf 90' lang='grc' dir='ltr'><strong><em>τῆν</em></strong></span> <span class='ocrx_word' id='word_1_170' title='bbox 916 2513 1144 2576; x_wconf 75' lang='grc' dir='ltr'><strong><em>τελευταίανε</em></strong></span> 
     </span>
     <span class='ocr_line' id='line_1_24' title="bbox 151 2606 1110 2700; baseline -0.002 -23"><span class='ocrx_word' id='word_1_171' title='bbox 151 2609 261 2698; x_wconf 89' lang='grc' dir='ltr'><strong><em>μάχην</em></strong></span> <span class='ocrx_word' id='word_1_172' title='bbox 285 2607 346 2697; x_wconf 92' lang='grc' dir='ltr'><strong><em>τῆν</em></strong></span> <span class='ocrx_word' id='word_1_173' title='bbox 371 2609 457 2700; x_wconf 84' lang='grc' dir='ltr'><strong><em>πρός</em></strong></span> <span class='ocrx_word' id='word_1_174' title='bbox 483 2621 630 2700; x_wconf 89' lang='grc' dir='ltr'><strong><em>Δαρείου</em></strong></span> <span class='ocrx_word' id='word_1_175' title='bbox 655 2607 852 2694; x_wconf 87' lang='grc' dir='ltr'><strong><em>γενομένην,</em></strong></span> <span class='ocrx_word' id='word_1_176' title='bbox 885 2606 964 2676; x_wconf 88' lang='grc' dir='ltr'><strong><em>καθ’</em></strong></span> <span class='ocrx_word' id='word_1_177' title='bbox 993 2606 1110 2694; x_wconf 89' lang='grc' dir='ltr'><strong><em>ῆντινα</em></strong></span> 
     </span>
     <span class='ocr_line' id='line_1_25' title="bbox 154 2707 1111 2798; baseline -0.001 -20"><span class='ocrx_word' id='word_1_178' title='bbox 154 2715 258 2797; x_wconf 78' lang='grc' dir='ltr'><strong><em>ἔφυγε</em></strong></span> <span class='ocrx_word' id='word_1_179' title='bbox 276 2719 421 2798; x_wconf 81' lang='grc' dir='ltr'><strong><em>Δαρεῖος</em></strong></span> <span class='ocrx_word' id='word_1_180' title='bbox 447 2707 529 2780; x_wconf 72' lang='grc' dir='ltr'><strong><em>οὐδὲ</em></strong></span> <span class='ocrx_word' id='word_1_181' title='bbox 546 2709 697 2797; x_wconf 89' lang='grc' dir='ltr'><strong><em>πρόσθεν</em></strong></span> <span class='ocrx_word' id='word_1_182' title='bbox 715 2712 807 2797; x_wconf 83' lang='grc' dir='ltr'><strong><em>ἔληξε</em></strong></span> <span class='ocrx_word' id='word_1_183' title='bbox 824 2711 882 2794; x_wconf 89' lang='grc' dir='ltr'><strong><em>τῆς</em></strong></span> <span class='ocrx_word' id='word_1_184' title='bbox 899 2713 1010 2796; x_wconf 89' lang='grc' dir='ltr'><strong><em>φυγῆς</em></strong></span> <span class='ocrx_word' id='word_1_185' title='bbox 1028 2710 1111 2798; x_wconf 80' lang='grc' dir='ltr'><strong><em>πρὶν</em></strong></span> 
     </span>
     <span class='ocr_line' id='line_1_26' title="bbox 117 2809 1110 2900; baseline -0.001 -21"><span class='ocrx_word' id='word_1_186' title='bbox 117 2838 141 2879; x_wconf 78' lang='grc' dir='ltr'><strong><em>τε</em></strong></span> <span class='ocrx_word' id='word_1_187' title='bbox 153 2812 386 2900; x_wconf 80' lang='grc' dir='ltr'><strong><em>ξυλληφθῆναι</em></strong></span> <span class='ocrx_word' id='word_1_188' title='bbox 402 2809 470 2881; x_wconf 83' lang='grc' dir='ltr'><strong><em>άπό</em></strong></span> <span class='ocrx_word' id='word_1_189' title='bbox 488 2815 556 2880; x_wconf 75' lang='grc' dir='ltr'><strong><em>τῶν</em></strong></span> <span class='ocrx_word' id='word_1_190' title='bbox 569 2809 655 2900; x_wconf 78' lang='grc' dir='ltr'><strong><em>άμφλ</em></strong></span> <span class='ocrx_word' id='word_1_191' title='bbox 667 2816 802 2898; x_wconf 89' lang='grc' dir='ltr'><strong><em>Βῆσσον</em></strong></span> <span class='ocrx_word' id='word_1_192' title='bbox 815 2811 870 2878; x_wconf 83' lang='grc' dir='ltr'><strong><em>καὶ</em></strong></span> <span class='ocrx_word' id='word_1_193' title='bbox 883 2809 1110 2899; x_wconf 85' lang='grc' dir='ltr'><strong><em>προσάγοντος</em></strong></span> 
     </span>
     <span class='ocr_line' id='line_1_27' title="bbox 151 2906 1112 3003; baseline -0.001 -22"><span class='ocrx_word' id='word_1_194' title='bbox 151 2911 217 3000; x_wconf 87' lang='grc' dir='ltr'><strong><em>ήδη</em></strong></span> <span class='ocrx_word' id='word_1_195' title='bbox 227 2907 448 3003; x_wconf 77' lang='grc' dir='ltr'><strong><em>Ἀλεξάνδρου</em></strong></span> <span class='ocrx_word' id='word_1_196' title='bbox 462 2909 662 3000; x_wconf 81' lang='grc' dir='ltr'><strong><em>άποθανεῑν,</em></strong></span> <span class='ocrx_word' id='word_1_197' title='bbox 675 2909 758 2999; x_wconf 86' lang='grc' dir='ltr'><strong><em>πρός</em></strong></span> <span class='ocrx_word' id='word_1_198' title='bbox 769 2906 939 2998; x_wconf 86' lang='grc' dir='ltr'><strong><em>Ἀρβήλοις</em></strong></span> <span class='ocrx_word' id='word_1_199' title='bbox 953 2910 1112 2997; x_wconf 87' lang='grc' dir='ltr'><strong><em>γενέσθαι</em></strong></span> 
     </span>
    </p>
   </div>
   <div class='ocr_carea' id='block_1_3' title="bbox 118 3003 1143 3679">
    <p class='ocr_par' dir='ltr' id='par_1_3' title="bbox 118 3003 1143 3679">
     <span class='ocr_line' id='line_1_28' title="bbox 154 3003 1109 3101; baseline 0 -19"><span class='ocrx_word' id='word_1_200' title='bbox 154 3007 172 3082; x_wconf 90' lang='grc' dir='ltr'>ὁ</span> <span class='ocrx_word' id='word_1_201' title='bbox 199 3019 265 3094; x_wconf 84' lang='grc' dir='ltr'><strong><em>πάς</em></strong></span> <span class='ocrx_word' id='word_1_202' title='bbox 290 3011 388 3100; x_wconf 92' lang='grc' dir='ltr'><strong><em>λόγος</em></strong></span> <span class='ocrx_word' id='word_1_203' title='bbox 420 3015 565 3100; x_wconf 84' lang='grc' dir='ltr'><strong><em>κατέχει,</em></strong></span> <span class='ocrx_word' id='word_1_204' title='bbox 599 3011 751 3098; x_wconf 85' lang='grc' dir='ltr'><strong><em>καθάπερ</em></strong></span> <span class='ocrx_word' id='word_1_205' title='bbox 784 3003 849 3081; x_wconf 78' lang='grc' dir='ltr'><strong><em>οὖν</em></strong></span> <span class='ocrx_word' id='word_1_206' title='bbox 874 3013 930 3080; x_wconf 80' lang='grc' dir='ltr'><strong><em>καὶ</em></strong></span> <span class='ocrx_word' id='word_1_207' title='bbox 955 3010 1017 3100; x_wconf 92' lang='grc' dir='ltr'><strong><em>τῆν</em></strong></span> <span class='ocrx_word' id='word_1_208' title='bbox 1044 3010 1109 3101; x_wconf 84' lang='grc' dir='ltr'><strong><em>πρό</em></strong></span> 
     </span>
     <span class='ocr_line' id='line_1_29' title="bbox 154 3111 1110 3208; baseline -0.002 -24"><span class='ocrx_word' id='word_1_209' title='bbox 154 3114 277 3202; x_wconf 77' lang='grc' dir='ltr'><strong><em>ταύτης</em></strong></span> <span class='ocrx_word' id='word_1_210' title='bbox 299 3116 336 3184; x_wconf 86' lang='grc' dir='ltr'><strong><em>ἐν</em></strong></span> <span class='ocrx_word' id='word_1_211' title='bbox 350 3111 457 3208; x_wconf 78' lang='grc' dir='ltr'><strong><em>Ἰσσῷ,</em></strong></span> <span class='ocrx_word' id='word_1_212' title='bbox 483 3116 540 3182; x_wconf 83' lang='grc' dir='ltr'><strong><em>καλ</em></strong></span> <span class='ocrx_word' id='word_1_213' title='bbox 566 3113 628 3202; x_wconf 89' lang='grc' dir='ltr'><strong><em>τῆν</em></strong></span> <span class='ocrx_word' id='word_1_214' title='bbox 645 3113 781 3203; x_wconf 83' lang='grc' dir='ltr'><strong><em>πράτην</em></strong></span> <span class='ocrx_word' id='word_1_215' title='bbox 801 3118 1006 3201; x_wconf 87' lang='grc' dir='ltr'><strong><em>ίτιπομαχίαν</em></strong></span> <span class='ocrx_word' id='word_1_216' title='bbox 1024 3112 1110 3202; x_wconf 88' lang='grc' dir='ltr'><strong><em>πρός</em></strong></span> 
     </span>
     <span class='ocr_line' id='line_1_30' title="bbox 155 3213 1143 3308; baseline -0.008 -20"><span class='ocrx_word' id='word_1_217' title='bbox 155 3217 318 3308; x_wconf 74' lang='grc' dir='ltr'><strong><em>Γρανικῷ.</em></strong></span> <span class='ocrx_word' id='word_1_218' title='bbox 362 3213 447 3285; x_wconf 84' lang='grc' dir='ltr'><strong><em>άλλά</em></strong></span> <span class='ocrx_word' id='word_1_219' title='bbox 480 3214 564 3304; x_wconf 85' lang='grc' dir='ltr'><strong><em>πρός</em></strong></span> <span class='ocrx_word' id='word_1_220' title='bbox 591 3219 745 3306; x_wconf 78' lang='grc' dir='ltr'><strong><em>Γρανικῷ</em></strong></span> <span class='ocrx_word' id='word_1_221' title='bbox 776 3213 839 3302; x_wconf 77' lang='grc' dir='ltr'><strong><em>μὲν</em></strong></span> <span class='ocrx_word' id='word_1_222' title='bbox 871 3215 994 3303; x_wconf 83' lang='grc' dir='ltr'><strong><em>ξυνέβη</em></strong></span> <span class='ocrx_word' id='word_1_223' title='bbox 1020 3213 1143 3301; x_wconf 74' lang='grc' dir='ltr'><strong><em>μάχησ</em></strong></span> 
     </span>
     <span class='ocr_line' id='line_1_31' title="bbox 118 3309 1106 3408; baseline -0.003 -24"><span class='ocrx_word' id='word_1_224' title='bbox 118 3341 143 3384; x_wconf 86' lang='grc' dir='ltr'><strong><em>ιο</em></strong></span> <span class='ocrx_word' id='word_1_225' title='bbox 157 3317 271 3404; x_wconf 80' lang='grc' dir='ltr'><strong><em>λππικῆ</em></strong></span> <span class='ocrx_word' id='word_1_226' title='bbox 291 3317 347 3386; x_wconf 79' lang='grc' dir='ltr'><strong><em>καὶ</em></strong></span> <span class='ocrx_word' id='word_1_227' title='bbox 365 3316 451 3408; x_wconf 86' lang='grc' dir='ltr'><strong><em>πρός</em></strong></span> <span class='ocrx_word' id='word_1_228' title='bbox 466 3311 560 3408; x_wconf 75' lang='grc' dir='ltr'><strong><em>Ἰσσῷ</em></strong></span> <span class='ocrx_word' id='word_1_229' title='bbox 577 3314 598 3404; x_wconf 89' lang='grc' dir='ltr'><strong><em>ῆ</em></strong></span> <span class='ocrx_word' id='word_1_230' title='bbox 617 3309 718 3395; x_wconf 80' lang='grc' dir='ltr'><strong><em>αὖθις</em></strong></span> <span class='ocrx_word' id='word_1_231' title='bbox 736 3314 819 3402; x_wconf 85' lang='grc' dir='ltr'><strong><em>πρός</em></strong></span> <span class='ocrx_word' id='word_1_232' title='bbox 838 3325 986 3403; x_wconf 85' lang='grc' dir='ltr'><strong><em>Δαρεῖον</em></strong></span> <span class='ocrx_word' id='word_1_233' title='bbox 1003 3310 1106 3402; x_wconf 87' lang='grc' dir='ltr'><strong><em>μάχη·</em></strong></span> 
     </span>
     <span class='ocr_line' id='line_1_32' title="bbox 145 3407 1108 3510; baseline -0.008 -20"><span class='ocrx_word' id='word_1_234' title='bbox 145 3415 295 3508; x_wconf 75' lang='grc' dir='ltr'><strong><em>’Ἄρβηλα</em></strong></span> <span class='ocrx_word' id='word_1_235' title='bbox 329 3418 367 3488; x_wconf 69' lang='grc' dir='ltr'><strong><em>δέ</em></strong></span> <span class='ocrx_word' id='word_1_236' title='bbox 397 3423 458 3488; x_wconf 86' lang='grc' dir='ltr'><strong><em>τοῦ</em></strong></span> <span class='ocrx_word' id='word_1_237' title='bbox 484 3417 596 3505; x_wconf 73' lang='grc' dir='ltr'><strong><em>χοίρου</em></strong></span> <span class='ocrx_word' id='word_1_238' title='bbox 625 3419 662 3487; x_wconf 89' lang='grc' dir='ltr'><strong><em>έν</em></strong></span> <span class='ocrx_word' id='word_1_239' title='bbox 689 3407 716 3510; x_wconf 72' lang='grc' dir='ltr'><em>ᾧ</em></span> <span class='ocrx_word' id='word_1_240' title='bbox 743 3416 805 3505; x_wconf 87' lang='grc' dir='ltr'><strong><em>τήν</em></strong></span> <span class='ocrx_word' id='word_1_241' title='bbox 833 3413 973 3504; x_wconf 88' lang='grc' dir='ltr'><strong><em>ἐσχάτην</em></strong></span> <span class='ocrx_word' id='word_1_242' title='bbox 999 3415 1108 3504; x_wconf 89' lang='grc' dir='ltr'><strong><em>μάχην</em></strong></span> 
     </span>
     <span class='ocr_line' id='line_1_33' title="bbox 154 3513 1107 3609; baseline -0.009 -17"><span class='ocrx_word' id='word_1_243' title='bbox 154 3519 298 3609; x_wconf 80' lang='grc' dir='ltr'><strong><em>Δαρεῖός</em></strong></span> <span class='ocrx_word' id='word_1_244' title='bbox 323 3520 430 3590; x_wconf 82' lang='grc' dir='ltr'><strong><em>τεκαὶ</em></strong></span> <span class='ocrx_word' id='word_1_245' title='bbox 454 3513 671 3609; x_wconf 65' lang='grc' dir='ltr'><strong><em>Ἀλεῖανδρος</em></strong></span> <span class='ocrx_word' id='word_1_246' title='bbox 699 3517 901 3608; x_wconf 82' lang='grc' dir='ltr'><strong><em>ἐμαχέσαντο</em></strong></span> <span class='ocrx_word' id='word_1_247' title='bbox 927 3521 964 3587; x_wconf 79' lang='lat' dir='ltr'><strong><em>oc</em></strong></span> <span class='ocrx_word' id='word_1_248' title='bbox 985 3515 1048 3604; x_wconf 70' lang='grc' dir='ltr'><strong><em>μέν</em></strong></span> <span class='ocrx_word' id='word_1_249' title='bbox 1066 3513 1107 3584; x_wconf 83' lang='grc' dir='ltr'><strong><em>τά</em></strong></span> 
     </span>
     <span class='ocr_line' id='line_1_34' title="bbox 858 3627 908 3679; baseline -0.06 0"><span class='ocrx_word' id='word_1_250' title='bbox 858 3627 908 3679; x_wconf 79' lang='grc' dir='ltr'><strong><em>ιτ·</em></strong></span> 
     </span>
    </p>
   </div>
   <div class='ocr_carea' id='block_1_4' title="bbox 0 0 1345 3950">
    <p class='ocr_par' dir='ltr' id='par_1_4' title="bbox 0 0 1345 3950">
     <span class='ocr_line' id='line_1_35' title="bbox 0 0 1345 3950; baseline 0 0"><span class='ocrx_word' id='word_1_251' title='bbox 0 0 1345 3950; x_wconf 95' lang='lat' dir='ltr'><strong><em> </em></strong></span> 
     </span>
    </p>
   </div>
  </div>
 </body>
</html>
