<?xml version="1.0" encoding="UTF-8"?>
<!DOCTYPE html PUBLIC "-//W3C//DTD XHTML 1.0 Transitional//EN"
    "http://www.w3.org/TR/xhtml1/DTD/xhtml1-transitional.dtd">
<html xmlns="http://www.w3.org/1999/xhtml" xml:lang="en" lang="en">
 <head>
  <title>
</title>
<meta http-equiv="Content-Type" content="text/html;charset=utf-8" />
  <meta name='ocr-system' content='tesseract 3.04.00' />
  <meta name='ocr-capabilities' content='ocr_page ocr_carea ocr_par ocr_line ocrx_word'/>
</head>
<body>
  <div class='ocr_page' id='page_1' title='image "./arrianianabasis00abicgoog_0142.png"; bbox 0 0 2664 3946; ppageno 0'>
   <div class='ocr_carea' id='block_1_1' title="bbox 503 252 1117 328">
    <p class='ocr_par' dir='ltr' id='par_1_1' title="bbox 503 252 1117 328">
     <span class='ocr_line' id='line_1_1' title="bbox 503 252 1117 328; baseline 0 -20"><span class='ocrx_word' id='word_1_1' title='bbox 503 256 687 328; x_wconf 70' lang='grc' dir='ltr'><strong><em>ιηεοεειε</em></strong></span> <span class='ocrx_word' id='word_1_2' title='bbox 704 260 728 319; x_wconf 83' lang='grc' dir='ltr'><strong><em>ε,</em></strong></span> <span class='ocrx_word' id='word_1_3' title='bbox 747 259 773 311; x_wconf 86' lang='grc' dir='ltr'><strong><em>ι.</em></strong></span> <span class='ocrx_word' id='word_1_4' title='bbox 1056 252 1117 311; x_wconf 92' lang='grc'><strong><em>111</em></strong></span> 
     </span>
    </p>
   </div>
   <div class='ocr_carea' id='block_1_2' title="bbox 117 393 1237 3625">
    <p class='ocr_par' dir='ltr' id='par_1_2' title="bbox 117 393 1237 3625">
     <span class='ocr_line' id='line_1_2' title="bbox 157 393 1151 485; baseline 0.002 -19"><span class='ocrx_word' id='word_1_5' title='bbox 157 393 237 485; x_wconf 85' lang='grc' dir='ltr'><strong><em>λῶς]</em></strong></span> <span class='ocrx_word' id='word_1_6' title='bbox 264 395 389 484; x_wconf 84' lang='grc' dir='ltr'><strong><em>ἐδόκει,</em></strong></span> <span class='ocrx_word' id='word_1_7' title='bbox 419 395 495 466; x_wconf 90' lang='grc' dir='ltr'><strong><em>τότε</em></strong></span> <span class='ocrx_word' id='word_1_8' title='bbox 522 399 585 484; x_wconf 77' lang='grc' dir='ltr'><strong><em>μὲν</em></strong></span> <span class='ocrx_word' id='word_1_9' title='bbox 609 396 716 465; x_wconf 85' lang='grc' dir='ltr'><strong><em>αύτοῦ</em></strong></span> <span class='ocrx_word' id='word_1_10' title='bbox 742 395 1151 484; x_wconf 75' lang='grc' dir='ltr'><strong><em>καταστρατοπεδεύειν,4</em></strong></span> 
     </span>
     <span class='ocr_line' id='line_1_3' title="bbox 157 496 1117 588; baseline 0.001 -21"><span class='ocrx_word' id='word_1_11' title='bbox 157 500 434 578; x_wconf 72' lang='grc' dir='ltr'><strong><em>κατασκέψασθαι</em></strong></span> <span class='ocrx_word' id='word_1_12' title='bbox 451 496 489 567; x_wconf 75' lang='grc' dir='ltr'><strong><em>δὲ</em></strong></span> <span class='ocrx_word' id='word_1_13' title='bbox 505 497 567 566; x_wconf 92' lang='grc' dir='ltr'><strong><em>τόν</em></strong></span> <span class='ocrx_word' id='word_1_14' title='bbox 584 525 620 567; x_wconf 88' lang='grc' dir='ltr'><strong><em>τε</em></strong></span> <span class='ocrx_word' id='word_1_15' title='bbox 637 502 748 585; x_wconf 91' lang='grc' dir='ltr'><strong><em>χῶρον</em></strong></span> <span class='ocrx_word' id='word_1_16' title='bbox 766 498 960 588; x_wconf 79' lang='grc' dir='ltr'><strong><em>ξύμπαντα,</em></strong></span> <span class='ocrx_word' id='word_1_17' title='bbox 978 505 1010 568; x_wconf 87' lang='grc' dir='ltr'><strong><em>εί</em></strong></span> <span class='ocrx_word' id='word_1_18' title='bbox 1025 499 1069 587; x_wconf 79' lang='grc' dir='ltr'><strong><em>δή</em></strong></span> <span class='ocrx_word' id='word_1_19' title='bbox 1085 525 1117 568; x_wconf 92' lang='grc' dir='ltr'><strong><em>τι</em></strong></span> 
     </span>
     <span class='ocr_line' id='line_1_4' title="bbox 157 595 1117 687; baseline 0 -18"><span class='ocrx_word' id='word_1_20' title='bbox 157 597 313 670; x_wconf 77' lang='grc' dir='ltr'><strong><em>ὕποπτον</em></strong></span> <span class='ocrx_word' id='word_1_21' title='bbox 336 597 443 669; x_wconf 84' lang='grc' dir='ltr'><strong><em>αύτοῦ</em></strong></span> <span class='ocrx_word' id='word_1_22' title='bbox 469 595 490 686; x_wconf 79' lang='grc' dir='ltr'><strong><em>ἣ</em></strong></span> <span class='ocrx_word' id='word_1_23' title='bbox 513 597 661 687; x_wconf 79' lang='grc' dir='ltr'><strong><em>δίπορον,</em></strong></span> <span class='ocrx_word' id='word_1_24' title='bbox 685 595 707 686; x_wconf 76' lang='grc' dir='ltr'><strong><em>ἣ</em></strong></span> <span class='ocrx_word' id='word_1_25' title='bbox 730 607 762 668; x_wconf 87' lang='grc' dir='ltr'><strong><em>εί</em></strong></span> <span class='ocrx_word' id='word_1_26' title='bbox 777 595 936 687; x_wconf 83' lang='grc' dir='ltr'><strong><em>τάφροιῆ</em></strong></span> <span class='ocrx_word' id='word_1_27' title='bbox 955 599 1117 679; x_wconf 77' lang='grc' dir='ltr'><strong><em>σκόλοπες</em></strong></span> 
     </span>
     <span class='ocr_line' id='line_1_5' title="bbox 158 699 1116 788; baseline 0.001 -19"><span class='ocrx_word' id='word_1_28' title='bbox 158 700 429 788; x_wconf 78' lang='grc' dir='ltr'><strong><em>καταπεπηγότες</em></strong></span> <span class='ocrx_word' id='word_1_29' title='bbox 451 699 613 788; x_wconf 77' lang='grc' dir='ltr'><strong><em>άφανεῑς,</em></strong></span> <span class='ocrx_word' id='word_1_30' title='bbox 636 702 695 769; x_wconf 84' lang='grc' dir='ltr'><strong><em>καὶ</em></strong></span> <span class='ocrx_word' id='word_1_31' title='bbox 717 701 779 780; x_wconf 81' lang='grc' dir='ltr'><strong><em>τὰς</em></strong></span> <span class='ocrx_word' id='word_1_32' title='bbox 795 700 902 782; x_wconf 82' lang='grc' dir='ltr'><strong><em>τάξεις</em></strong></span> <span class='ocrx_word' id='word_1_33' title='bbox 925 702 994 770; x_wconf 91' lang='grc' dir='ltr'><strong><em>τῶν</em></strong></span> <span class='ocrx_word' id='word_1_34' title='bbox 1015 709 1116 770; x_wconf 84' lang='grc' dir='ltr'><strong><em>πολε-</em></strong></span> 
     </span>
     <span class='ocr_line' id='line_1_6' title="bbox 129 801 1117 892; baseline 0.004 -24"><span class='ocrx_word' id='word_1_35' title='bbox 129 810 246 890; x_wconf 87' lang='grc' dir='ltr'><strong><em>ιμίων</em></strong></span> <span class='ocrx_word' id='word_1_36' title='bbox 270 801 505 891; x_wconf 80' lang='grc' dir='ltr'><strong><em>ἀκριβέστερον</em></strong></span> <span class='ocrx_word' id='word_1_37' title='bbox 528 807 684 872; x_wconf 76' lang='grc' dir='ltr'><strong><em>κατιδεῖν.</em></strong></span> <span class='ocrx_word' id='word_1_38' title='bbox 727 803 786 871; x_wconf 82' lang='grc' dir='ltr'><strong><em>καὶ</em></strong></span> <span class='ocrx_word' id='word_1_39' title='bbox 810 805 887 892; x_wconf 78' lang='grc' dir='ltr'><strong><em>νικᾷ</em></strong></span> <span class='ocrx_word' id='word_1_40' title='bbox 913 809 1117 890; x_wconf 82' lang='grc' dir='ltr'><strong><em>Παρμενίων</em></strong></span> 
     </span>
     <span class='ocr_line' id='line_1_7' title="bbox 157 901 1118 992; baseline 0.002 -22"><span class='ocrx_word' id='word_1_41' title='bbox 157 908 200 992; x_wconf 78' lang='grc' dir='ltr'><strong><em>τῇ</em></strong></span> <span class='ocrx_word' id='word_1_42' title='bbox 218 903 359 992; x_wconf 82' lang='grc' dir='ltr'><strong><em>γνῶμη,</em></strong></span> <span class='ocrx_word' id='word_1_43' title='bbox 382 905 440 972; x_wconf 83' lang='grc' dir='ltr'><strong><em>καὶ</em></strong></span> <span class='ocrx_word' id='word_1_44' title='bbox 464 902 875 991; x_wconf 76' lang='grc' dir='ltr'><strong><em>καταστρατοπεδεύουσιν</em></strong></span> <span class='ocrx_word' id='word_1_45' title='bbox 898 902 1007 972; x_wconf 85' lang='grc' dir='ltr'><strong><em>αύτού</em></strong></span> <span class='ocrx_word' id='word_1_46' title='bbox 1025 901 1118 982; x_wconf 85' lang='grc' dir='ltr'><strong><em>ὅπως</em></strong></span> 
     </span>
     <span class='ocr_line' id='line_1_8' title="bbox 156 1003 883 1092; baseline 0 -20"><span class='ocrx_word' id='word_1_47' title='bbox 156 1006 353 1092; x_wconf 81' lang='grc' dir='ltr'><strong><em>τεταγμένοι</em></strong></span> <span class='ocrx_word' id='word_1_48' title='bbox 372 1011 510 1092; x_wconf 79' lang='grc' dir='ltr'><strong><em>ἔμελλον</em></strong></span> <span class='ocrx_word' id='word_1_49' title='bbox 530 1007 617 1074; x_wconf 87' lang='grc' dir='ltr'><strong><em>ίέναι</em></strong></span> <span class='ocrx_word' id='word_1_50' title='bbox 635 1008 669 1084; x_wconf 82' lang='grc' dir='ltr'><strong><em>ἐς</em></strong></span> <span class='ocrx_word' id='word_1_51' title='bbox 685 1005 748 1092; x_wconf 84' lang='grc' dir='ltr'><strong><em>τὴν</em></strong></span> <span class='ocrx_word' id='word_1_52' title='bbox 764 1003 883 1092; x_wconf 88' lang='grc' dir='ltr'><strong><em>μάχην.</em></strong></span> 
     </span>
     <span class='ocr_line' id='line_1_9' title="bbox 231 1103 1151 1194; baseline -0.003 -18"><span class='ocrx_word' id='word_1_53' title='bbox 231 1105 450 1193; x_wconf 83' lang='grc' dir='ltr'><strong><em>Ἀλέξανδρος</em></strong></span> <span class='ocrx_word' id='word_1_54' title='bbox 468 1108 519 1192; x_wconf 89' lang='grc' dir='ltr'><strong><em>δέ,</em></strong></span> <span class='ocrx_word' id='word_1_55' title='bbox 540 1104 721 1194; x_wconf 85' lang='grc' dir='ltr'><strong><em>άναλαβῶν</em></strong></span> <span class='ocrx_word' id='word_1_56' title='bbox 738 1106 820 1186; x_wconf 88' lang='grc' dir='ltr'><strong><em>τούς</em></strong></span> <span class='ocrx_word' id='word_1_57' title='bbox 837 1103 958 1186; x_wconf 79' lang='grc' dir='ltr'><strong><em>ψιλούς</em></strong></span> <span class='ocrx_word' id='word_1_58' title='bbox 975 1107 1117 1174; x_wconf 83' lang='grc' dir='ltr'><strong><em>καὶτῶν</em></strong></span> <span class='ocrx_word' id='word_1_59' title='bbox 1134 1121 1151 1172; x_wconf 80' lang='grc' dir='ltr'><strong><em>σ</em></strong></span> 
     </span>
     <span class='ocr_line' id='line_1_10' title="bbox 163 1206 1118 1298; baseline -0.002 -22"><span class='ocrx_word' id='word_1_60' title='bbox 163 1209 294 1276; x_wconf 90' lang='grc' dir='ltr'><strong><em>ίππέων</em></strong></span> <span class='ocrx_word' id='word_1_61' title='bbox 318 1207 399 1286; x_wconf 87' lang='grc' dir='ltr'><strong><em>τούς</em></strong></span> <span class='ocrx_word' id='word_1_62' title='bbox 425 1209 597 1296; x_wconf 82' lang='grc' dir='ltr'><strong><em>ἑταίρους,</em></strong></span> <span class='ocrx_word' id='word_1_63' title='bbox 627 1207 755 1296; x_wconf 79' lang='grc' dir='ltr'><strong><em>περιῄει</em></strong></span> <span class='ocrx_word' id='word_1_64' title='bbox 781 1210 819 1276; x_wconf 86' lang='grc' dir='ltr'><strong><em>έν</em></strong></span> <span class='ocrx_word' id='word_1_65' title='bbox 842 1206 958 1298; x_wconf 80' lang='grc' dir='ltr'><strong><em>κύκλῳ</em></strong></span> <span class='ocrx_word' id='word_1_66' title='bbox 982 1209 1118 1275; x_wconf 80' lang='grc' dir='ltr'><strong><em>σκοπῶν</em></strong></span> 
     </span>
     <span class='ocr_line' id='line_1_11' title="bbox 118 1307 1118 1399; baseline 0.004 -27"><span class='ocrx_word' id='word_1_67' title='bbox 118 1334 144 1374; x_wconf 87' lang='grc' dir='ltr'><strong><em>ιο</em></strong></span> <span class='ocrx_word' id='word_1_68' title='bbox 158 1307 222 1394; x_wconf 80' lang='grc' dir='ltr'><strong><em>τὴν</em></strong></span> <span class='ocrx_word' id='word_1_69' title='bbox 240 1308 355 1398; x_wconf 84' lang='grc' dir='ltr'><strong><em>χῶραν</em></strong></span> <span class='ocrx_word' id='word_1_70' title='bbox 373 1313 486 1378; x_wconf 85' lang='grc' dir='ltr'><strong><em>πᾶσαν</em></strong></span> <span class='ocrx_word' id='word_1_71' title='bbox 504 1313 562 1376; x_wconf 80' lang='grc' dir='ltr'><strong><em>ἵνα</em></strong></span> <span class='ocrx_word' id='word_1_72' title='bbox 579 1307 616 1377; x_wconf 89' lang='grc' dir='ltr'><strong><em>τό</em></strong></span> <span class='ocrx_word' id='word_1_73' title='bbox 638 1315 737 1396; x_wconf 82' lang='grc' dir='ltr'><strong><em>ἔργον</em></strong></span> <span class='ocrx_word' id='word_1_74' title='bbox 756 1307 850 1399; x_wconf 76' lang='grc' dir='ltr'><strong><em>αύτῷ</em></strong></span> <span class='ocrx_word' id='word_1_75' title='bbox 870 1314 1004 1378; x_wconf 82' lang='grc' dir='ltr'><strong><em>ἔσεσθαι</em></strong></span> <span class='ocrx_word' id='word_1_76' title='bbox 1021 1313 1118 1396; x_wconf 80' lang='grc' dir='ltr'><strong><em>ἔμελ-</em></strong></span> 
     </span>
     <span class='ocr_line' id='line_1_12' title="bbox 157 1401 1118 1496; baseline 0 -18"><span class='ocrx_word' id='word_1_77' title='bbox 157 1417 226 1478; x_wconf 84' lang='grc' dir='ltr'><strong><em>λεν.</em></strong></span> <span class='ocrx_word' id='word_1_78' title='bbox 261 1411 459 1479; x_wconf 74' lang='grc' dir='ltr'><strong><em>ἐπανελθὼν</em></strong></span> <span class='ocrx_word' id='word_1_79' title='bbox 476 1410 515 1478; x_wconf 72' lang='grc' dir='ltr'><strong><em>δὲ</em></strong></span> <span class='ocrx_word' id='word_1_80' title='bbox 531 1411 589 1478; x_wconf 83' lang='grc' dir='ltr'><strong><em>καὶ</em></strong></span> <span class='ocrx_word' id='word_1_81' title='bbox 607 1411 814 1496; x_wconf 83' lang='grc' dir='ltr'><strong><em>ξυγκαλέσας</em></strong></span> <span class='ocrx_word' id='word_1_82' title='bbox 832 1401 932 1489; x_wconf 81' lang='grc' dir='ltr'><strong><em>αὖθις</em></strong></span> <span class='ocrx_word' id='word_1_83' title='bbox 953 1406 1034 1489; x_wconf 91' lang='grc' dir='ltr'><strong><em>τούς</em></strong></span> <span class='ocrx_word' id='word_1_84' title='bbox 1052 1409 1118 1478; x_wconf 87' lang='grc' dir='ltr'><strong><em>αύ-</em></strong></span> 
     </span>
     <span class='ocr_line' id='line_1_13' title="bbox 156 1509 1118 1598; baseline 0 -20"><span class='ocrx_word' id='word_1_85' title='bbox 156 1511 241 1590; x_wconf 86' lang='grc' dir='ltr'><strong><em>τούς</em></strong></span> <span class='ocrx_word' id='word_1_86' title='bbox 254 1509 433 1598; x_wconf 83' lang='grc' dir='ltr'><strong><em>ἡγεμόνας,</em></strong></span> <span class='ocrx_word' id='word_1_87' title='bbox 450 1509 578 1590; x_wconf 88' lang='grc' dir='ltr'><strong><em>αύτούς</em></strong></span> <span class='ocrx_word' id='word_1_88' title='bbox 591 1510 653 1598; x_wconf 81' lang='grc' dir='ltr'><strong><em>μὲν</em></strong></span> <span class='ocrx_word' id='word_1_89' title='bbox 668 1509 731 1580; x_wconf 88' lang='grc' dir='ltr'><strong><em>ούκ</em></strong></span> <span class='ocrx_word' id='word_1_90' title='bbox 750 1518 813 1598; x_wconf 81' lang='grc' dir='ltr'><strong><em>ἔφη</em></strong></span> <span class='ocrx_word' id='word_1_91' title='bbox 827 1513 947 1598; x_wconf 78' lang='grc' dir='ltr'><strong><em>χρῆναι</em></strong></span> <span class='ocrx_word' id='word_1_92' title='bbox 963 1535 1118 1598; x_wconf 87' lang='grc' dir='ltr'><strong><em>παρακα-</em></strong></span> 
     </span>
     <span class='ocr_line' id='line_1_14' title="bbox 157 1602 1115 1701; baseline -0.001 -21"><span class='ocrx_word' id='word_1_93' title='bbox 157 1619 294 1681; x_wconf 81' lang='grc' dir='ltr'><strong><em>λεῖσθαι</em></strong></span> <span class='ocrx_word' id='word_1_94' title='bbox 310 1612 395 1701; x_wconf 85' lang='grc' dir='ltr'><strong><em>πρὸς</em></strong></span> <span class='ocrx_word' id='word_1_95' title='bbox 412 1602 453 1680; x_wconf 85' lang='grc' dir='ltr'><strong><em>ού</em></strong></span> <span class='ocrx_word' id='word_1_96' title='bbox 473 1614 507 1692; x_wconf 85' lang='grc' dir='ltr'><strong><em>ές</em></strong></span> <span class='ocrx_word' id='word_1_97' title='bbox 522 1612 584 1680; x_wconf 87' lang='grc' dir='ltr'><strong><em>τὸν</em></strong></span> <span class='ocrx_word' id='word_1_98' title='bbox 606 1612 737 1698; x_wconf 83' lang='grc' dir='ltr'><strong><em>ἀγῶνα·</em></strong></span> <span class='ocrx_word' id='word_1_99' title='bbox 765 1611 869 1680; x_wconf 88' lang='grc' dir='ltr'><strong><em>πάλαι</em></strong></span> <span class='ocrx_word' id='word_1_100' title='bbox 885 1611 951 1699; x_wconf 84' lang='grc' dir='ltr'><strong><em>γάρ</em></strong></span> <span class='ocrx_word' id='word_1_101' title='bbox 969 1610 1056 1680; x_wconf 79' lang='grc' dir='ltr'><strong><em>εἶναι</em></strong></span> <span class='ocrx_word' id='word_1_102' title='bbox 1072 1611 1115 1681; x_wconf 87' lang='grc' dir='ltr'><strong><em>δι’</em></strong></span> 
     </span>
     <span class='ocr_line' id='line_1_15' title="bbox 158 1711 1118 1801; baseline -0.002 -19"><span class='ocrx_word' id='word_1_103' title='bbox 158 1711 285 1800; x_wconf 81' lang='grc' dir='ltr'><strong><em>άρετήν</em></strong></span> <span class='ocrx_word' id='word_1_104' title='bbox 302 1739 338 1782; x_wconf 85' lang='grc' dir='ltr'><strong><em>τε</em></strong></span> <span class='ocrx_word' id='word_1_105' title='bbox 354 1715 415 1800; x_wconf 81' lang='grc' dir='ltr'><strong><em>τὴν</em></strong></span> <span class='ocrx_word' id='word_1_106' title='bbox 433 1717 531 1800; x_wconf 89' lang='grc' dir='ltr'><strong><em>σφῶν</em></strong></span> <span class='ocrx_word' id='word_1_107' title='bbox 549 1714 864 1801; x_wconf 78' lang='grc' dir='ltr'><strong><em>παρακεκλημένους</em></strong></span> <span class='ocrx_word' id='word_1_108' title='bbox 889 1714 946 1782; x_wconf 79' lang='grc' dir='ltr'><strong><em>καὶ</em></strong></span> <span class='ocrx_word' id='word_1_109' title='bbox 962 1712 1032 1781; x_wconf 87' lang='grc' dir='ltr'><strong><em>ύπδ</em></strong></span> <span class='ocrx_word' id='word_1_110' title='bbox 1049 1715 1118 1780; x_wconf 91' lang='grc' dir='ltr'><strong><em>τῶν</em></strong></span> 
     </span>
     <span class='ocr_line' id='line_1_16' title="bbox 117 1812 1152 1903; baseline 0 -25"><span class='ocrx_word' id='word_1_111' title='bbox 117 1837 144 1878; x_wconf 86' lang='grc' dir='ltr'><strong><em>ιε</em></strong></span> <span class='ocrx_word' id='word_1_112' title='bbox 158 1814 320 1894; x_wconf 77' lang='grc' dir='ltr'><strong><em>πολλάκις</em></strong></span> <span class='ocrx_word' id='word_1_113' title='bbox 343 1812 406 1902; x_wconf 77' lang='grc' dir='ltr'><strong><em>ἤδη</em></strong></span> <span class='ocrx_word' id='word_1_114' title='bbox 430 1817 544 1883; x_wconf 90' lang='grc' dir='ltr'><strong><em>καλῶν</em></strong></span> <span class='ocrx_word' id='word_1_115' title='bbox 569 1820 678 1903; x_wconf 80' lang='grc' dir='ltr'><strong><em>ἔργων</em></strong></span> <span class='ocrx_word' id='word_1_116' title='bbox 701 1812 999 1901; x_wconf 83' lang='grc' dir='ltr'><strong><em>άποδεδενγμένων.</em></strong></span> <span class='ocrx_word' id='word_1_117' title='bbox 1037 1814 1152 1892; x_wconf 82' lang='grc' dir='ltr'><strong><em>τούςο</em></strong></span> 
     </span>
     <span class='ocr_line' id='line_1_17' title="bbox 156 1914 1119 2004; baseline -0.001 -20"><span class='ocrx_word' id='word_1_118' title='bbox 156 1916 244 1984; x_wconf 85' lang='grc' dir='ltr'><strong><em>κατά</em></strong></span> <span class='ocrx_word' id='word_1_119' title='bbox 264 1918 352 2002; x_wconf 79' lang='grc' dir='ltr'><strong><em>σφᾶς</em></strong></span> <span class='ocrx_word' id='word_1_120' title='bbox 370 1915 408 1986; x_wconf 79' lang='grc' dir='ltr'><strong><em>δδ</em></strong></span> <span class='ocrx_word' id='word_1_121' title='bbox 427 1915 583 1995; x_wconf 85' lang='grc' dir='ltr'><strong><em>ἑκάστους</em></strong></span> <span class='ocrx_word' id='word_1_122' title='bbox 602 1917 746 2004; x_wconf 80' lang='grc' dir='ltr'><strong><em>ἐξορμᾶν</em></strong></span> <span class='ocrx_word' id='word_1_123' title='bbox 767 1915 884 2003; x_wconf 79' lang='grc' dir='ltr'><strong><em>ἠξίου,</em></strong></span> <span class='ocrx_word' id='word_1_124' title='bbox 910 1914 1057 2002; x_wconf 92' lang='grc' dir='ltr'><strong><em>λοχαγόν</em></strong></span> <span class='ocrx_word' id='word_1_125' title='bbox 1083 1940 1119 1983; x_wconf 91' lang='grc' dir='ltr'><strong><em>τε</em></strong></span> 
     </span>
     <span class='ocr_line' id='line_1_18' title="bbox 158 2015 1119 2105; baseline -0.002 -19"><span class='ocrx_word' id='word_1_126' title='bbox 158 2025 296 2104; x_wconf 83' lang='grc' dir='ltr'><strong><em>λοχίτας</em></strong></span> <span class='ocrx_word' id='word_1_127' title='bbox 311 2019 368 2085; x_wconf 81' lang='grc' dir='ltr'><strong><em>καὶ</em></strong></span> <span class='ocrx_word' id='word_1_128' title='bbox 383 2017 524 2105; x_wconf 90' lang='grc' dir='ltr'><strong><em>ίλάρχην</em></strong></span> <span class='ocrx_word' id='word_1_129' title='bbox 536 2017 598 2104; x_wconf 79' lang='grc' dir='ltr'><strong><em>τὴν</em></strong></span> <span class='ocrx_word' id='word_1_130' title='bbox 614 2025 689 2105; x_wconf 85' lang='grc' dir='ltr'><strong><em>ίλην</em></strong></span> <span class='ocrx_word' id='word_1_131' title='bbox 702 2017 765 2105; x_wconf 80' lang='grc' dir='ltr'><strong><em>τὴν</em></strong></span> <span class='ocrx_word' id='word_1_132' title='bbox 779 2015 887 2086; x_wconf 86' lang='grc' dir='ltr'><strong><em>αύτοῶ</em></strong></span> <span class='ocrx_word' id='word_1_133' title='bbox 907 2018 1048 2086; x_wconf 79' lang='grc' dir='ltr'><strong><em>ἕκαστον</em></strong></span> <span class='ocrx_word' id='word_1_134' title='bbox 1061 2017 1119 2084; x_wconf 86' lang='grc' dir='ltr'><strong><em>καλ</em></strong></span> 
     </span>
     <span class='ocr_line' id='line_1_19' title="bbox 157 2117 1119 2206; baseline -0.001 -19"><span class='ocrx_word' id='word_1_135' title='bbox 157 2119 358 2206; x_wconf 88' lang='grc' dir='ltr'><strong><em>ταξιάρχους</em></strong></span> <span class='ocrx_word' id='word_1_136' title='bbox 375 2119 435 2198; x_wconf 87' lang='grc' dir='ltr'><strong><em>τάς</em></strong></span> <span class='ocrx_word' id='word_1_137' title='bbox 453 2120 573 2206; x_wconf 89' lang='grc' dir='ltr'><strong><em>τάξεις,</em></strong></span> <span class='ocrx_word' id='word_1_138' title='bbox 590 2118 671 2198; x_wconf 87' lang='grc' dir='ltr'><strong><em>τούς</em></strong></span> <span class='ocrx_word' id='word_1_139' title='bbox 688 2145 724 2187; x_wconf 86' lang='grc' dir='ltr'><strong><em>τε</em></strong></span> <span class='ocrx_word' id='word_1_140' title='bbox 740 2117 908 2206; x_wconf 83' lang='grc' dir='ltr'><strong><em>ἡγεμόνας</em></strong></span> <span class='ocrx_word' id='word_1_141' title='bbox 925 2122 994 2186; x_wconf 92' lang='grc' dir='ltr'><strong><em>τῶν</em></strong></span> <span class='ocrx_word' id='word_1_142' title='bbox 1012 2120 1119 2200; x_wconf 79' lang='grc' dir='ltr'><strong><em>πεζῶν</em></strong></span> 
     </span>
     <span class='ocr_line' id='line_1_20' title="bbox 158 2217 1119 2308; baseline -0.002 -20"><span class='ocrx_word' id='word_1_143' title='bbox 158 2221 223 2305; x_wconf 83' lang='grc' dir='ltr'><strong><em>τὴν</em></strong></span> <span class='ocrx_word' id='word_1_144' title='bbox 241 2220 400 2306; x_wconf 82' lang='grc' dir='ltr'><strong><em>φάλαγγα</em></strong></span> <span class='ocrx_word' id='word_1_145' title='bbox 419 2222 559 2289; x_wconf 78' lang='grc' dir='ltr'><strong><em>ἕκαστον</em></strong></span> <span class='ocrx_word' id='word_1_146' title='bbox 571 2221 634 2305; x_wconf 78' lang='grc' dir='ltr'><strong><em>τήν</em></strong></span> <span class='ocrx_word' id='word_1_147' title='bbox 651 2224 687 2289; x_wconf 91' lang='grc' dir='ltr'><strong><em>οί</em></strong></span> <span class='ocrx_word' id='word_1_148' title='bbox 704 2221 998 2308; x_wconf 82' lang='grc' dir='ltr'><strong><em>ἐπιτετραμμένην,</em></strong></span> <span class='ocrx_word' id='word_1_149' title='bbox 1017 2217 1063 2298; x_wconf 85' lang='grc' dir='ltr'><strong><em>ῶς</em></strong></span> <span class='ocrx_word' id='word_1_150' title='bbox 1082 2222 1119 2288; x_wconf 86' lang='grc' dir='ltr'><strong><em>ἐν</em></strong></span> 
     </span>
     <span class='ocr_line' id='line_1_21' title="bbox 117 2316 1119 2409; baseline 0.001 -24"><span class='ocrx_word' id='word_1_151' title='bbox 117 2345 145 2385; x_wconf 83' lang='grc' dir='ltr'><strong><em>ιο</em></strong></span> <span class='ocrx_word' id='word_1_152' title='bbox 158 2325 244 2408; x_wconf 78' lang='grc' dir='ltr'><strong><em>τῇδε</em></strong></span> <span class='ocrx_word' id='word_1_153' title='bbox 262 2326 303 2408; x_wconf 75' lang='grc' dir='ltr'><strong><em>τῇ</em></strong></span> <span class='ocrx_word' id='word_1_154' title='bbox 323 2321 412 2409; x_wconf 84' lang='grc' dir='ltr'><strong><em>μάχη</em></strong></span> <span class='ocrx_word' id='word_1_155' title='bbox 431 2320 494 2407; x_wconf 90' lang='grc' dir='ltr'><strong><em>ούχ</em></strong></span> <span class='ocrx_word' id='word_1_156' title='bbox 506 2319 596 2408; x_wconf 73' lang='grc' dir='ltr'><strong><em>ύπέρ</em></strong></span> <span class='ocrx_word' id='word_1_157' title='bbox 615 2328 741 2408; x_wconf 86' lang='grc' dir='ltr'><strong><em>Κοίλης</em></strong></span> <span class='ocrx_word' id='word_1_158' title='bbox 758 2328 890 2408; x_wconf 82' lang='grc' dir='ltr'><strong><em>Συρίας</em></strong></span> <span class='ocrx_word' id='word_1_159' title='bbox 906 2316 928 2406; x_wconf 80' lang='grc' dir='ltr'>ἢ</span> <span class='ocrx_word' id='word_1_160' title='bbox 947 2327 1119 2407; x_wconf 89' lang='grc' dir='ltr'><strong><em>Φοινίκης,</em></strong></span> 
     </span>
     <span class='ocr_line' id='line_1_22' title="bbox 158 2420 1119 2509; baseline -0.002 -19"><span class='ocrx_word' id='word_1_161' title='bbox 158 2420 244 2490; x_wconf 69' lang='grc' dir='ltr'><strong><em>οὐδὲ</em></strong></span> <span class='ocrx_word' id='word_1_162' title='bbox 269 2421 358 2509; x_wconf 72' lang='grc' dir='ltr'><strong><em>ὑπὲρ</em></strong></span> <span class='ocrx_word' id='word_1_163' title='bbox 387 2421 584 2508; x_wconf 76' lang='grc' dir='ltr'><strong><em>Αἰγύπτου,</em></strong></span> <span class='ocrx_word' id='word_1_164' title='bbox 610 2421 655 2502; x_wconf 82' lang='grc' dir='ltr'><strong><em>ῶς</em></strong></span> <span class='ocrx_word' id='word_1_165' title='bbox 679 2421 848 2508; x_wconf 90' lang='grc' dir='ltr'><strong><em>πρόσθεν,</em></strong></span> <span class='ocrx_word' id='word_1_166' title='bbox 872 2422 1119 2509; x_wconf 83' lang='grc' dir='ltr'><strong><em>μαχουμένους,</em></strong></span> 
     </span>
     <span class='ocr_line' id='line_1_23' title="bbox 158 2519 1119 2610; baseline 0 -20"><span class='ocrx_word' id='word_1_167' title='bbox 158 2521 248 2590; x_wconf 84' lang='grc' dir='ltr'><strong><em>άλλά</em></strong></span> <span class='ocrx_word' id='word_1_168' title='bbox 258 2521 347 2609; x_wconf 72' lang='grc' dir='ltr'><strong><em>ύπέρ</em></strong></span> <span class='ocrx_word' id='word_1_169' title='bbox 356 2526 415 2608; x_wconf 80' lang='grc' dir='ltr'><strong><em>τῆς</em></strong></span> <span class='ocrx_word' id='word_1_170' title='bbox 425 2523 598 2610; x_wconf 87' lang='grc' dir='ltr'><strong><em>ξυμπάσης</em></strong></span> <span class='ocrx_word' id='word_1_171' title='bbox 608 2521 734 2608; x_wconf 87' lang='grc' dir='ltr'><strong><em>Ἀσίας,</em></strong></span> <span class='ocrx_word' id='word_1_172' title='bbox 748 2521 906 2602; x_wconf 83' lang='grc' dir='ltr'><strong><em>οὕστινας</em></strong></span> <span class='ocrx_word' id='word_1_173' title='bbox 919 2521 982 2610; x_wconf 77' lang='grc' dir='ltr'><strong><em>χρὴ</em></strong></span> <span class='ocrx_word' id='word_1_174' title='bbox 993 2519 1119 2609; x_wconf 78' lang='grc' dir='ltr'><strong><em>ἄρχειν,</em></strong></span> 
     </span>
     <span class='ocr_line' id='line_1_24' title="bbox 159 2621 1152 2714; baseline -0.007 -21"><span class='ocrx_word' id='word_1_175' title='bbox 159 2627 198 2694; x_wconf 88' lang='grc' dir='ltr'><strong><em>έν</em></strong></span> <span class='ocrx_word' id='word_1_176' title='bbox 224 2627 271 2714; x_wconf 76' lang='grc' dir='ltr'><strong><em>τῷ</em></strong></span> <span class='ocrx_word' id='word_1_177' title='bbox 295 2623 371 2693; x_wconf 86' lang='grc' dir='ltr'><strong><em>τότε</em></strong></span> <span class='ocrx_word' id='word_1_178' title='bbox 393 2624 647 2712; x_wconf 71' lang='grc' dir='ltr'><strong><em>κριθησόμενον.</em></strong></span> <span class='ocrx_word' id='word_1_179' title='bbox 683 2621 811 2693; x_wconf 86' lang='grc' dir='ltr'><strong><em>ούκουν</em></strong></span> <span class='ocrx_word' id='word_1_180' title='bbox 834 2623 896 2711; x_wconf 77' lang='grc' dir='ltr'><strong><em>τὴν</em></strong></span> <span class='ocrx_word' id='word_1_181' title='bbox 922 2627 955 2703; x_wconf 87' lang='grc' dir='ltr'><strong><em>ές</em></strong></span> <span class='ocrx_word' id='word_1_182' title='bbox 972 2622 1013 2691; x_wconf 85' lang='grc' dir='ltr'><strong><em>τά</em></strong></span> <span class='ocrx_word' id='word_1_183' title='bbox 1032 2623 1152 2693; x_wconf 70' lang='grc' dir='ltr'><strong><em>καλάτ</em></strong></span> 
     </span>
     <span class='ocr_line' id='line_1_25' title="bbox 159 2722 1119 2813; baseline 0 -19"><span class='ocrx_word' id='word_1_184' title='bbox 159 2723 339 2813; x_wconf 80' lang='grc' dir='ltr'><strong><em>ἐξόρμησιν</em></strong></span> <span class='ocrx_word' id='word_1_185' title='bbox 357 2724 411 2794; x_wconf 80' lang='grc' dir='ltr'><strong><em>διὰ</em></strong></span> <span class='ocrx_word' id='word_1_186' title='bbox 430 2729 566 2794; x_wconf 83' lang='grc' dir='ltr'><strong><em>πολλῶν</em></strong></span> <span class='ocrx_word' id='word_1_187' title='bbox 583 2724 773 2811; x_wconf 87' lang='grc' dir='ltr'><strong><em>άναγκαίαν</em></strong></span> <span class='ocrx_word' id='word_1_188' title='bbox 790 2724 908 2804; x_wconf 77' lang='grc' dir='ltr'><strong><em>αὐτοῖς</em></strong></span> <span class='ocrx_word' id='word_1_189' title='bbox 926 2722 1013 2793; x_wconf 88' lang='grc' dir='ltr'><strong><em>είναι</em></strong></span> <span class='ocrx_word' id='word_1_190' title='bbox 1025 2734 1119 2794; x_wconf 78' lang='grc' dir='ltr'><strong><em>οἰκο-</em></strong></span> 
     </span>
     <span class='ocr_line' id='line_1_26' title="bbox 118 2825 1120 2916; baseline 0.005 -27"><span class='ocrx_word' id='word_1_191' title='bbox 118 2848 144 2889; x_wconf 81' lang='grc' dir='ltr'><strong><em>ιι</em></strong></span> <span class='ocrx_word' id='word_1_192' title='bbox 156 2837 223 2896; x_wconf 88' lang='grc' dir='ltr'><strong><em>θεν</em></strong></span> <span class='ocrx_word' id='word_1_193' title='bbox 241 2830 342 2894; x_wconf 84' lang='grc' dir='ltr'><strong><em>τοῦτο</em></strong></span> <span class='ocrx_word' id='word_1_194' title='bbox 368 2832 520 2913; x_wconf 83' lang='grc' dir='ltr'><strong><em>ἔχουσιν,</em></strong></span> <span class='ocrx_word' id='word_1_195' title='bbox 545 2825 629 2894; x_wconf 81' lang='grc' dir='ltr'><strong><em>άλλά</em></strong></span> <span class='ocrx_word' id='word_1_196' title='bbox 648 2825 776 2913; x_wconf 91' lang='grc' dir='ltr'><strong><em>κόσμου</em></strong></span> <span class='ocrx_word' id='word_1_197' title='bbox 794 2852 829 2895; x_wconf 87' lang='grc' dir='ltr'><strong><em>τε</em></strong></span> <span class='ocrx_word' id='word_1_198' title='bbox 848 2830 886 2896; x_wconf 87' lang='grc' dir='ltr'><strong><em>έν</em></strong></span> <span class='ocrx_word' id='word_1_199' title='bbox 902 2827 949 2916; x_wconf 82' lang='grc' dir='ltr'><strong><em>τῶ</em></strong></span> <span class='ocrx_word' id='word_1_200' title='bbox 968 2825 1120 2916; x_wconf 74' lang='grc' dir='ltr'><strong><em>κινδύνῳ</em></strong></span> 
     </span>
     <span class='ocr_line' id='line_1_27' title="bbox 158 2923 1120 3015; baseline 0 -21"><span class='ocrx_word' id='word_1_201' title='bbox 158 2923 253 3006; x_wconf 85' lang='grc' dir='ltr'><strong><em>ὅπως</em></strong></span> <span class='ocrx_word' id='word_1_202' title='bbox 266 2953 315 3006; x_wconf 87' lang='grc' dir='ltr'><strong><em>τις</em></strong></span> <span class='ocrx_word' id='word_1_203' title='bbox 329 2925 403 2996; x_wconf 88' lang='grc' dir='ltr'><strong><em>καθ’</em></strong></span> <span class='ocrx_word' id='word_1_204' title='bbox 419 2925 526 2996; x_wconf 87' lang='grc' dir='ltr'><strong><em>αύτὸν</em></strong></span> <span class='ocrx_word' id='word_1_205' title='bbox 537 2927 765 3013; x_wconf 81' lang='grc' dir='ltr'><strong><em>ἐπιμελήσεται</em></strong></span> <span class='ocrx_word' id='word_1_206' title='bbox 777 2929 835 2997; x_wconf 80' lang='grc' dir='ltr'><strong><em>καὶ</em></strong></span> <span class='ocrx_word' id='word_1_207' title='bbox 849 2929 944 3014; x_wconf 79' lang='grc' dir='ltr'><strong><em>σιγης</em></strong></span> <span class='ocrx_word' id='word_1_208' title='bbox 956 2925 1120 3015; x_wconf 77' lang='grc' dir='ltr'><strong><em>ἀκριβοῦς</em></strong></span> 
     </span>
     <span class='ocr_line' id='line_1_28' title="bbox 158 3019 1119 3116; baseline -0.001 -20"><span class='ocrx_word' id='word_1_209' title='bbox 158 3026 261 3096; x_wconf 85' lang='grc' dir='ltr'><strong><em>όπότε</em></strong></span> <span class='ocrx_word' id='word_1_210' title='bbox 284 3030 448 3114; x_wconf 79' lang='grc' dir='ltr'><strong><em>σιγῶντας</em></strong></span> <span class='ocrx_word' id='word_1_211' title='bbox 473 3029 599 3098; x_wconf 78' lang='grc' dir='ltr'><strong><em>ἐπιέναι</em></strong></span> <span class='ocrx_word' id='word_1_212' title='bbox 622 3029 711 3114; x_wconf 90' lang='grc' dir='ltr'><strong><em>δέοι,</em></strong></span> <span class='ocrx_word' id='word_1_213' title='bbox 734 3029 792 3096; x_wconf 83' lang='grc' dir='ltr'><strong><em>καί</em></strong></span> <span class='ocrx_word' id='word_1_214' title='bbox 817 3019 860 3096; x_wconf 86' lang='grc' dir='ltr'><strong><em>αύ</em></strong></span> <span class='ocrx_word' id='word_1_215' title='bbox 884 3033 1039 3116; x_wconf 85' lang='grc' dir='ltr'><strong><em>λαμπρᾶς</em></strong></span> <span class='ocrx_word' id='word_1_216' title='bbox 1059 3030 1119 3114; x_wconf 78' lang='grc' dir='ltr'><strong><em>τῆς</em></strong></span> 
     </span>
     <span class='ocr_line' id='line_1_29' title="bbox 158 3128 1118 3218; baseline 0.002 -22"><span class='ocrx_word' id='word_1_217' title='bbox 158 3131 242 3215; x_wconf 76' lang='grc' dir='ltr'><strong><em>βοῆς</em></strong></span> <span class='ocrx_word' id='word_1_218' title='bbox 266 3133 324 3197; x_wconf 79' lang='grc' dir='ltr'><strong><em>ἵνα</em></strong></span> <span class='ocrx_word' id='word_1_219' title='bbox 343 3133 502 3218; x_wconf 72' lang='grc' dir='ltr'><strong><em>ἐμβοῆσαι</em></strong></span> <span class='ocrx_word' id='word_1_220' title='bbox 518 3128 641 3214; x_wconf 90' lang='grc' dir='ltr'><strong><em>καλόν,</em></strong></span> <span class='ocrx_word' id='word_1_221' title='bbox 658 3131 716 3197; x_wconf 83' lang='grc' dir='ltr'><strong><em>καὶ</em></strong></span> <span class='ocrx_word' id='word_1_222' title='bbox 734 3129 930 3216; x_wconf 86' lang='grc' dir='ltr'><strong><em>άλαλαγμοῦ</em></strong></span> <span class='ocrx_word' id='word_1_223' title='bbox 950 3128 996 3208; x_wconf 83' lang='grc' dir='ltr'><strong><em>ῶς</em></strong></span> <span class='ocrx_word' id='word_1_224' title='bbox 1013 3135 1118 3217; x_wconf 85' lang='grc' dir='ltr'><strong><em>φοβε-</em></strong></span> 
     </span>
     <span class='ocr_line' id='line_1_30' title="bbox 161 3227 1145 3318; baseline 0.005 -22"><span class='ocrx_word' id='word_1_225' title='bbox 161 3230 316 3314; x_wconf 89' lang='grc' dir='ltr'><strong><em>ρωτάτου</em></strong></span> <span class='ocrx_word' id='word_1_226' title='bbox 341 3229 441 3300; x_wconf 88' lang='grc' dir='ltr'><strong><em>ὁπότε</em></strong></span> <span class='ocrx_word' id='word_1_227' title='bbox 466 3231 669 3310; x_wconf 84' lang='grc' dir='ltr'><strong><em>ἐπαλαλάξαι</em></strong></span> <span class='ocrx_word' id='word_1_228' title='bbox 692 3229 823 3318; x_wconf 87' lang='grc' dir='ltr'><strong><em>καιρός·</em></strong></span> <span class='ocrx_word' id='word_1_229' title='bbox 851 3229 954 3301; x_wconf 89' lang='grc' dir='ltr'><strong><em>αύτοί</em></strong></span> <span class='ocrx_word' id='word_1_230' title='bbox 974 3256 1010 3298; x_wconf 89' lang='grc' dir='ltr'><strong><em>τε</em></strong></span> <span class='ocrx_word' id='word_1_231' title='bbox 1027 3227 1145 3308; x_wconf 79' lang='grc' dir='ltr'><strong><em>ὅπωςε</em></strong></span> 
     </span>
     <span class='ocr_line' id='line_1_31' title="bbox 121 3326 1237 3419; baseline 0.005 -27"><span class='ocrx_word' id='word_1_232' title='bbox 121 3351 148 3392; x_wconf 86' lang='grc' dir='ltr'><strong><em>ιο</em></strong></span> <span class='ocrx_word' id='word_1_233' title='bbox 161 3326 263 3410; x_wconf 83' lang='grc' dir='ltr'><strong><em>ὀξέως</em></strong></span> <span class='ocrx_word' id='word_1_234' title='bbox 280 3331 498 3400; x_wconf 88' lang='grc' dir='ltr'><strong><em>κατακούοιεν</em></strong></span> <span class='ocrx_word' id='word_1_235' title='bbox 516 3335 585 3399; x_wconf 91' lang='grc' dir='ltr'><strong><em>τῶν</em></strong></span> <span class='ocrx_word' id='word_1_236' title='bbox 603 3332 940 3419; x_wconf 85' lang='grc' dir='ltr'><strong><em>παραγγελλομένων,</em></strong></span> <span class='ocrx_word' id='word_1_237' title='bbox 958 3331 1016 3400; x_wconf 84' lang='grc' dir='ltr'><strong><em>καὶ</em></strong></span> <span class='ocrx_word' id='word_1_238' title='bbox 1034 3329 1115 3417; x_wconf 86' lang='grc' dir='ltr'><strong><em>παρ’</em></strong></span> <span class='ocrx_word' id='word_1_239' title='bbox 1233 3399 1237 3406; x_wconf 71' lang='grc'><strong><em>,</em></strong></span> 
     </span>
     <span class='ocr_line' id='line_1_32' title="bbox 161 3424 1118 3520; baseline 0.005 -25"><span class='ocrx_word' id='word_1_240' title='bbox 161 3427 277 3497; x_wconf 89' lang='grc' dir='ltr'><strong><em>αύτῶν</em></strong></span> <span class='ocrx_word' id='word_1_241' title='bbox 294 3424 338 3499; x_wconf 86' lang='grc' dir='ltr'><strong><em>αὖ</em></strong></span> <span class='ocrx_word' id='word_1_242' title='bbox 363 3430 453 3511; x_wconf 85' lang='grc' dir='ltr'><strong><em>ὅπως</em></strong></span> <span class='ocrx_word' id='word_1_243' title='bbox 478 3435 512 3512; x_wconf 81' lang='grc' dir='ltr'><strong><em>ἐς</em></strong></span> <span class='ocrx_word' id='word_1_244' title='bbox 535 3432 595 3510; x_wconf 78' lang='grc' dir='ltr'><strong><em>τὰς</em></strong></span> <span class='ocrx_word' id='word_1_245' title='bbox 618 3433 725 3513; x_wconf 85' lang='grc' dir='ltr'><strong><em>τάξεις</em></strong></span> <span class='ocrx_word' id='word_1_246' title='bbox 742 3431 843 3512; x_wconf 86' lang='grc' dir='ltr'><strong><em>ὀξέως</em></strong></span> <span class='ocrx_word' id='word_1_247' title='bbox 868 3435 1118 3520; x_wconf 87' lang='grc' dir='ltr'><strong><em>παραδιδῶνται</em></strong></span> 
     </span>
     <span class='ocr_line' id='line_1_33' title="bbox 160 3528 1117 3625; baseline 0.007 -31"><span class='ocrx_word' id='word_1_248' title='bbox 160 3528 202 3595; x_wconf 80' lang='grc' dir='ltr'><strong><em>τὰ</em></strong></span> <span class='ocrx_word' id='word_1_249' title='bbox 215 3533 489 3621; x_wconf 85' lang='grc' dir='ltr'><strong><em>παραγγέλματα·</em></strong></span> <span class='ocrx_word' id='word_1_250' title='bbox 518 3538 554 3602; x_wconf 83' lang='grc' dir='ltr'><strong><em>έν</em></strong></span> <span class='ocrx_word' id='word_1_251' title='bbox 567 3559 603 3601; x_wconf 88' lang='grc' dir='ltr'><strong><em>τε</em></strong></span> <span class='ocrx_word' id='word_1_252' title='bbox 616 3537 663 3625; x_wconf 79' lang='grc' dir='ltr'><strong><em>τῷ</em></strong></span> <span class='ocrx_word' id='word_1_253' title='bbox 681 3533 760 3602; x_wconf 84' lang='grc' dir='ltr'><strong><em>καθ’</em></strong></span> <span class='ocrx_word' id='word_1_254' title='bbox 781 3531 889 3604; x_wconf 89' lang='grc' dir='ltr'><strong><em>αύτδν</em></strong></span> <span class='ocrx_word' id='word_1_255' title='bbox 906 3536 1046 3602; x_wconf 80' lang='grc' dir='ltr'><strong><em>ἕκαστον</em></strong></span> <span class='ocrx_word' id='word_1_256' title='bbox 1059 3532 1117 3601; x_wconf 77' lang='grc' dir='ltr'><strong><em>καὶ</em></strong></span> 
     </span>
    </p>
   </div>
   <div class='ocr_carea' id='block_1_3' title="bbox 0 0 1337 3946">
    <p class='ocr_par' dir='ltr' id='par_1_3' title="bbox 0 0 1337 3946">
     <span class='ocr_line' id='line_1_34' title="bbox 0 0 1337 3946; baseline 0 0"><span class='ocrx_word' id='word_1_257' title='bbox 0 0 1337 3946; x_wconf 95' lang='lat' dir='ltr'><strong><em> </em></strong></span> 
     </span>
    </p>
   </div>
  </div>
 </body>
</html>
