2664 3946
218 225 279 291 172
569 224 822 284 εκεπικαεοτ

215 383 344 464 τούτοις
369 381 499 470 μᾶλλόν
524 409 555 452 τι
580 389 689 454 οίκεῑα
713 380 898 470 ύπολαβτδν
929 386 963 463 ἐς
993 383 1055 471 τὴν
1081 381 1176 474 ἀφή-

218 513 238 572 γ
263 505 325 553 σιν.

173 599 207 663 15
239 514 259 574 η
292 582 381 673 Παρ’
397 583 616 673 Ἀλέξανδρον
643 583 682 653 δέ
704 577 786 671 ἧκεν
811 575 910 664 αὖθις
929 589 1083 661 Σκυθόν
1105 586 1176 654 τῶν

219 689 255 754 ἐκ
279 689 338 772 τῆς
365 682 533 774 Εύρύπης
559 691 718 773 πρεσβεία
741 684 805 767 ξύν
829 700 899 766 τοῖς
922 686 1100 774 πρέσβεσιν
1123 681 1175 765 οἷς

217 785 319 867 αύτὸς
338 788 371 867 ἐς
390 785 530 866 Σκύθας
547 791 699 856 ἔστειλεν.
742 785 760 857 ό
778 785 841 874 μέν
859 783 900 874 δὴ
920 784 996 856 τότε
1018 786 1202 872 βασιλεύςε

215 893 285 956 τῶν
302 891 453 958 Σκυθῶν
476 884 531 955 ότε
554 879 646 956 οὗτοι
663 881 723 956 ὑπ’
739 885 962 974 Ἀλεξάνδρου
988 887 1175 975 ἐπέμποντο

216 987 455 1075 τετελευτηκός
474 986 670 1076 ἐτύγχανεν·
698 987 845 1076 ἀδελφός
871 985 910 1057 δέ
936 990 1067 1057 ἐκείνου
1095 991 1171 1078 ἐβα-

184 1115 199 1162 2
218 1096 362 1159 σίλευεν.
391 1081 435 1176 ἦν
453 1086 525 1158 δδό
545 1091 629 1168 νοῦς
646 1091 705 1176 της
723 1094 900 1178 πρεσβείας
919 1091 1047 1159 ἐθέλειν
1064 1103 1175 1160 ποιεῖν

217 1195 286 1260 πᾶν
303 1189 340 1260 τό
357 1192 389 1271 ἐξ
401 1189 622 1279 Ἀλεξάνδρου
638 1190 925 1278 ἐπαγγελλόμενον
940 1189 1098 1270 Σκύθας·
1118 1191 1176 1260 καὶ

217 1293 310 1380 δῶρα
337 1297 457 1378 ἔφερον
479 1288 687 1382 Ἀλεξάνδρῳ
714 1289 805 1379 παρά
830 1294 890 1360 τού
917 1291 1079 1377 βασιλέως
1105 1296 1174 1360 τοῖν
1189 1317 1217 1359 ιο

218 1396 367 1464 Σκυθῶν
398 1388 461 1460 ὅσα
492 1392 629 1479 μέγιστα
654 1397 817 1480 νομίζεται
849 1395 887 1461 ἐν
914 1391 1084 1472 Σκύθαις·
1116 1395 1176 1463 καὶ

216 1491 280 1580 την
305 1496 477 1582 θυγατέρα
510 1489 561 1562 ότι
588 1493 695 1562 ἐθέλει
724 1489 931 1586 Ἀλεξάνδρῳ
957 1496 1077 1562 δοῦναι
1109 1521 1175 1580 γυ-

216 1609 316 1663 υαῑκα
354 1593 565 1682 βεβαιότητος
596 1593 720 1663 ούνεκα
750 1597 810 1680 τῆς
841 1594 928 1680 πρὸς
957 1591 1175 1681 Ἀλεξανδρον

184 1713 200 1760 3
218 1702 331 1785 φιλίας
343 1720 380 1762 τε
396 1696 453 1763 καὶ
473 1703 671 1782 συμμαχίας.
704 1699 736 1764 εί
747 1693 785 1764 δὲ
798 1691 935 1775 άπαξιολ
944 1694 1006 1783 τὴν
1022 1700 1175 1766 Σκυθοῖν

216 1803 415 1883 βασίλισσαν
431 1799 534 1881 γῆμαι
547 1793 779 1884 Ἀλέξανδρος,
805 1792 891 1865 ἄλλά
908 1800 1031 1884 τόνγε
1048 1817 1171 1886 σατρα-
1188 1822 1213 1862 ιε

217 1899 374 1964 πάντῶν
391 1897 450 1980 τῆς
465 1901 638 1983 Σκυθικῆς
655 1896 765 1985 χύρας
783 1897 841 1966 καὶ
857 1895 929 1966 ὅσοι
946 1895 1041 1966 ἄλλοι
1066 1899 1175 1967 δυνά-

218 2016 291 2065 σται
309 1997 393 2064 κατὰ
405 1995 466 2083 τὴν
481 1999 545 2083 γῆν
558 1996 619 2083 τὴν
632 2002 812 2084 Σκυθίδα,
831 1996 962 2066 τούτων
977 1997 1036 2078 τάς
1049 2004 1175 2080 παῖδας

219 2097 348 2168 ἐθέλειν
368 2101 490 2168 δούυαι
513 2113 584 2178 τοῖς
607 2097 814 2178 πιστοτάτοις
837 2102 907 2166 τῶν
923 2096 1004 2187 ἄμφ’
1019 2098 1173 2182 Ἀλέξαν-

218 2204 317 2288 δρον·
342 2196 431 2287 ἥξειν
448 2197 487 2267 δὲ
504 2198 561 2266 καὶ
579 2196 682 2278 αύτδς
702 2205 866 2287 ἔφασκεν,
883 2206 916 2269 εί
930 2199 1111 2289 κελεύοιτο,
1129 2198 1176 2282 τός

218 2299 292 2390 παρ’
322 2298 428 2370 αὐτοῦ
453 2295 675 2388 Ἀλεξάνδρου
702 2297 846 2370 άκούσαι
873 2299 935 2370 ὅσα
966 2302 1215 2388 ἐπαγγέλλοιτο

183 2401 358 2490 4άφίκετο
384 2400 423 2470 δὲ
450 2403 486 2470 ἐν
510 2400 620 2492 τούτῳ
637 2398 713 2487 παρ’
729 2398 949 2489 Ἀλέξανδρον
973 2402 1031 2470 καὶ
1057 2412 1174 2490 Φαρα-

218 2504 345 2591 σμάνης
363 2500 381 2570 ό
400 2508 610 2591 Χορασμίων
633 2501 792 2591 βασιλεύς
816 2501 879 2583 ξύν
898 2508 1037 2573 ἱππεύοι
1059 2511 1175 2590 χιλίοις

217 2607 273 2673 καὶ
294 2609 534 2682 πεντακοσίοις.
572 2609 696 2690 ἔφασκε
714 2602 752 2672 δὲ
770 2601 788 2670 ὁ
809 2603 1034 2693 Φαρασμάνης
1053 2603 1174 2694 ὅμορος

217 2711 322 2774 οίκεῖν
348 2706 396 2794 τῷ
422 2730 458 2773 τε
481 2702 625 2790 Κόλχων
650 2705 738 2790 γένει
763 2705 820 2774 καὶ
844 2719 918 2786 ταῖς
943 2707 1078 2792 γυναιξὶ
1101 2721 1174 2786 ταῖς

214 2803 380 2892 Ἀμαζόσι,
407 2803 464 2873 καί
489 2811 522 2873 εί
547 2805 658 2874 ἐθέλοι
680 2801 913 2892 Ἀλέξανδρος,
943 2807 998 2874 ἐπὶ
1020 2806 1174 2894 Κόλχους
1188 2828 1216 2868 2⁵

217 2933 252 2975 τε
282 2906 340 2974 καὶ
367 2902 549 2993 Ἀμαζόνας
578 2904 697 2985 ἐλάσας
731 2908 1023 2996 καταστρέψασθαι
1049 2907 1090 2976 τά
1119 2910 1174 2978 ἐπὶ

217 3011 278 3076 τόν
304 3004 429 3075 πόντον
455 3005 515 3075 τόν
543 3004 706 3085 Εὔξεινον
731 3005 837 3096 ταύτη
862 3007 1054 3095 καθήκοντα
1080 3009 1173 3096 γένη,

217 3101 307 3176 ὁδῶν
332 3134 369 3176 τε
394 3102 529 3194 ἡγεμὼν
556 3113 691 3175 ἐσεσθαι
714 3109 932 3196 ἐπηγγέλλετο
955 3111 1013 3178 καὶ
1036 3109 1077 3178 τά
1101 3112 1173 3178 ἐπι-

217 3208 330 3295 τήδεια
355 3211 396 3297 τῇ
425 3209 561 3299 στρατιᾷ
587 3207 864 3298 παρασκευάσειν.

184 3329 200 3379 ε
297 3319 376 3389 Τοῖς
401 3335 437 3378 τε
459 3301 524 3379 οὖν
541 3309 632 3399 παρὰ
651 3311 719 3378 τῶν
737 3315 888 3380 Σκυθῶν
914 3309 1035 3400 ἥκουσι
1052 3311 1170 3400 φιλάν-
1186 3333 1214 3374 το

216 3421 340 3502 θρωπα
371 3408 586 3500 ἀποκρίνεται
614 3408 831 3500 Ἀλέξανδρος
861 3415 919 3482 καλ
949 3416 983 3494 ἐς
1011 3413 1071 3482 τόν
1100 3413 1175 3482 τότε

217 3513 334 3600 καιρὸν
353 3511 522 3602 ξύμφορα,
539 3511 651 3602 γάμου
670 3513 708 3582 δέ
722 3512 826 3582 ούδέυ
838 3518 969 3584 δεῖσθαι
986 3517 1174 3600 Σκυθικοῦ,

1301 129 1310 512 λ
