2664 3946
482 260 665 313 Αυουιυιε
682 261 753 324 κε.
1051 256 1112 322 109

150 425 229 488 ναν,
247 395 338 480 ὅσοις
354 404 392 469 οί
406 405 503 470 ἵπποι
521 403 559 470 ἐν
576 403 617 488 τῇ
634 403 728 490 φυγῇ
745 407 882 488 ἔκαμον,
899 399 980 481 τούς
997 399 1036 471 δὲ
1053 399 1111 470 καὶ

150 503 276 583 ζῶντας
302 501 421 582 αὐτοῖς
447 507 563 582 ἵπποις
593 509 730 591 ἔλαβον·
769 505 827 572 καί
853 502 945 590 παρὰ
978 502 1111 572 τούτων

154 608 283 690 ἔμαθον
296 600 347 671 ὅτι
359 601 401 672 οό
416 603 532 692 πόρρω
545 613 596 692 ελη
607 615 752 692 Δαρεῖος
762 603 826 686 ἔδυ
835 604 977 692 δυνάμει
989 605 1110 692 πολλή.

228 705 485 792 Βεβοηθήκεσαν
502 704 568 793 γάρ
586 713 723 797 Δαρείῳ
744 704 861 776 Ἰνδῶν
877 732 913 775 τε
930 702 1002 775 ὅσοι
1018 713 1145 776 Bau-³

126 811 258 891 ιτρίοις
271 803 387 894 ὅμοροι
396 808 454 875 καὶ
464 806 563 876 αὐτοὶ
572 806 730 894 Βάκτριοι
741 808 799 876 καὶ
810 812 997 894 Σογδιανοί
1002 825 1010 840 ·
1028 806 1112 876 τού-

152 932 221 974 των
251 905 314 994 μὲν
344 907 483 976 πάντων
508 907 623 994 ήγεῑτο
649 911 780 994 Βῆσσος
805 905 824 976 δ
851 910 910 996 τῆς
935 916 1112 996 Βακτρίων

153 1006 265 1095 χιόρας
291 1009 473 1097 σατράπης.
517 1014 653 1078 εἵποντο
685 1008 724 1077 δὲ
757 1007 874 1089 αότοῑς
904 1011 962 1078 καὶ
989 1010 1112 1097 Σάκαι,

155 1107 333 1178 Σκυθικόν
349 1113 451 1179 τοῦτο
468 1111 568 1196 γένος
585 1113 655 1178 τῶν
672 1111 734 1198 τὴν
747 1108 865 1179 Ἀσίαν
884 1111 1112 1180 ἐποικούντων

155 1215 325 1294 Σκυθῶν,
352 1209 415 1298 οὐχ
441 1209 585 1298 δπήκοοι
608 1201 703 1279 οὗτοι
725 1211 878 1300 Βήσσου,
911 1209 996 1281 άλλοὶ
1027 1211 1112 1280 κατὰ

116 1336 142 1377 ιο
156 1319 350 1399 συμμαχίαν
363 1313 425 1400 τήν
440 1320 607 1400 Δαρείου·
625 1311 738 1400 ἡγεῖτο
752 1312 790 1381 δὲ
800 1309 915 1381 αύτιόν
926 1313 1112 1402 Μαυάκης·

154 1411 254 1481 αὐτοὶ
272 1413 310 1482 δὲ
330 1413 545 1495 ἱπποτοξόται
561 1405 657 1500 ἦσαν.
683 1415 897 1502 Βαρσαέντης
910 1412 949 1484 δὲ
962 1413 1112 1503 Ἀραχοι-
1130 1425 1147 1475 4

154 1517 224 1581 τῶν
243 1513 414 1602 σατράπης
434 1513 645 1604 Ἀραχωτούς
668 1541 704 1584 τε
726 1506 786 1602 ἦγε
802 1516 860 1584 καὶ
880 1514 962 1595 τοδς
980 1513 1114 1605 ὀρείους

152 1613 283 1695 Ἰνδούς
307 1617 549 1703 καλουμένους.
592 1616 842 1705 Σατιβαρζάνης
866 1615 904 1686 δὲ
928 1615 947 1684 ὁ
973 1615 1114 1704 Ἀρείων

156 1715 328 1806 σατράπης
341 1715 493 1804 Ἀρείους
513 1708 581 1804 ήγε.
623 1726 849 1805 Παρθυαίους
866 1717 905 1787 δὲ
921 1719 980 1788 καὶ
994 1717 1114 1805 Ὑρκα-

118 1823 255 1897 ιουίους
278 1819 336 1886 καὶ
359 1818 580 1906 Ταπούρους,
605 1818 686 1898 τούς
704 1819 833 1900 πάντας
853 1821 992 1907 λππίας,
1019 1829 1114 1910 Φρα-

155 1920 324 2006 ταφέρνης
338 1911 427 2006 ἦγεν.
455 1919 589 2008 Μήδων
602 1918 640 1989 δὲ
654 1918 765 2007 ήγεῑτο
775 1919 994 2012 Ἀτροπάτης·
1014 1921 1113 2002 ξυνε·

156 2019 314 2088 τάττοντο
331 2020 370 2090 δὲ
387 2020 519 2108 Μήδοις
537 2020 727 2091 Καδούσιοί
745 2023 856 2091 τεκαὶ
876 2020 1033 2111 Ἀλβανοὶ
1056 2024 1115 2092 καὶ

158 2129 351 2190 Σακεσίναι.
378 2122 460 2202 τούς
478 2121 516 2191 δὲ
533 2129 737 2211 προσοίκους
754 2125 796 2211 τή
813 2125 943 2214 ἐρυθρᾷ
955 2123 1113 2214 θαλάσση
1132 2135 1147 2185 ⁵

153 2220 396 2312 Ὀκονδοβάτης
404 2222 716 2313 καὶἈριοβαρζάνης
724 2223 925 2313 καὶΌτάνης
935 2225 1113 2312 ἐκόσμουν.

119 2349 145 2390 εο
162 2321 383 2405 Οόξιοιδδκαὶ
392 2327 577 2394 Σουσιανοὶ
586 2323 734 2412 ἡγεμόνα
742 2325 1115 2415 παρείχοντοὈξάθρην

157 2424 217 2493 τὸν
237 2423 447 2513 Ἀβουλίτου.
487 2426 668 2514 Βουπάρης
686 2425 725 2494 δὲ
742 2434 974 2514 Βαβυλωνίων
990 2425 1113 2514 ήγείτο.

159 2531 195 2594 οί
209 2524 243 2595 δ’
263 2526 470 2596 άνάσπαοτοι
487 2530 599 2616 Κᾶρες
621 2529 679 2596 καὶ
706 2531 889 2616 Σιτακηνοὶ
913 2528 979 2599 σύν
997 2536 1115 2617 Βαβυ-

159 2634 293 2707 λωνίοις
312 2627 496 2714 ἐτετάχατο.
537 2627 722 2716 Ἀρμενίων
740 2628 778 2698 δὲ
792 2627 951 2718 Ὀρόντης
967 2630 1026 2700 καὶ
1043 2639 1115 2700 Μι-

158 2728 333 2816 θραύστης
346 2719 436 2817 ήρχε,
454 2731 511 2798 καὶ
525 2727 680 2818 Ἀριάκης
694 2733 942 2801 Καππαδοκῶν.
976 2730 1115 2823 Σύρους
1132 2745 1150 2796 σ

122 2855 146 2898 ιι
159 2828 197 2898 δὲ
214 2829 296 2909 τούς
317 2855 353 2898 τε
378 2834 414 2900 ἐκ
436 2833 495 2918 τῆς
517 2839 632 2920 κοίλης
654 2832 712 2900 καὶ
730 2828 801 2900 ὅσοι
823 2836 882 2920 τῆς
904 2833 1027 2921 μεταξύ
1046 2837 1116 2902 τῶν

159 2933 321 3018 ποταμῶν
340 2939 472 3020 Συρίας
489 2941 641 3014 Μαζαῖος
658 2923 748 3020 ήγεν.
782 2935 912 3020 ἐλέγετο
928 2933 968 3005 δὲ
984 2934 1006 3023 ή
1024 2937 1116 3005 πάσα

161 3031 297 3120 στρατιά
320 3029 342 3120 ή
361 3040 511 3120 Δαρείου
538 3038 649 3118 ἱππεῖς
672 3033 735 3121 μὲν
754 3037 787 3114 ε’ς
804 3043 1116 3126 τετρακισμυρίους,

160 3134 250 3216 πεζοὶ
260 3132 298 3202 δὲ
310 3135 344 3214 ἐς
359 3134 479 3203 ἑκατόν
486 3134 726 3222 μνριάδας,καὶ
735 3133 867 3224 ἅρματα
874 3138 1116 3228 δρεπανηφόρα

160 3235 325 3320 διακόσια,
341 3237 520 3323 ἐλέφαντες
534 3234 572 3304 δὲ
586 3234 627 3304 ού
642 3243 773 3315 πολλοί,
786 3235 873 3306 άλλδι
888 3241 921 3318 ἐς
939 3247 1115 3309 πεντεκαί-

122 3361 148 3402 οο
161 3339 242 3405 δεκα
259 3336 401 3423 μάλιστα
416 3336 536 3416 Ἰνδοῖς
552 3351 624 3417 τοῖς
643 3339 698 3406 ἐπὶ
714 3338 796 3408 τάδε
811 3341 873 3407 τού
889 3337 1000 3408 Ἰνδοῦ
1019 3331 1115 3426 ἦσαν.
1160 3385 1162 3388 -

237 3439 311 3516 Ξύν
327 3437 434 3527 ταύτῃ
453 3441 494 3526 τῇ
509 3438 650 3527 δυνάμει
664 3439 957 3527 ἐστρατοπεδεύκει
970 3452 1116 3530 Δαρεῖος
1132 3453 1148 3506 ι

162 3541 199 3606 ἐν
226 3539 459 3628 Γαυγαμήλοις
485 3538 570 3627 πρὸς
596 3543 733 3632 ποταμῷ
759 3541 954 3635 Βουμοόδρι,
980 3541 1115 3629 ἀπέχων
