2678 3950
505 223 691 276 Δαιειειε
708 225 733 288 ε,
752 226 794 274 ει.
1067 222 1127 289 231

168 377 226 450 καὶ
259 385 293 451 εί
322 380 365 467 δή
399 406 473 448 τινα
500 381 585 470 πρὸς
610 396 683 460 ταῖς
710 378 828 467 ὄχθαις
853 383 915 450 τοῦ
939 378 1129 469 Ὑδραώτου

170 486 323 569 ποταμοῦ
350 479 520 569 αὐτόνομα
540 487 623 568 ἔθνη
640 480 759 551 Ἰνδῶν
777 483 921 571 νέμεται,
948 484 1131 552 καὶταῦτα

171 582 468 671 προσαγαγόμενον
486 588 533 674 τῷ
548 581 661 674 Πώρῳ
679 580 793 670 ἀρχειν
811 587 998 673 ἐγχειρίσαι.
1027 579 1129 665 αὐτός
1148 597 1164 646 6

172 683 207 752 δέ
234 684 336 773 ἐπέρα
352 682 413 752 τὸν
436 683 625 773 Ὑδραώτην
646 685 808 774 ποταμόν,
834 683 875 752 οὐ
899 685 1053 774 καθάπερ
1071 686 1131 755 τὸν

146 781 342 872 ιἈκεσίυην
355 789 516 872 χαλεπῶς.
544 791 776 875 προχωροῦντι
790 786 828 855 δδ
841 781 936 878 αὐτῷ
952 785 1002 856 ἐπ’
1021 790 1132 857 ἐκεῖνα

170 888 229 972 τῆς
254 883 359 976 ὄχθης
384 891 446 955 τοῦ
461 885 650 974 Ὑδραώτου
676 885 756 968 τοῦς
781 887 844 974 μέν
870 888 1019 968 πολλοῦς
1044 887 1128 958 καθ’

170 983 353 1074 ὁμολογίαν
386 1003 595 1076 προσχωρεῖν
628 987 839 1077 ξυνέβαινεν,
871 986 935 1077 ἤδη
968 991 1009 1058 δέ
1038 1017 1130 1066 τινας

170 1085 236 1168 ξῦν
262 1088 375 1168 ὅπλοις
400 1088 670 1176 ἀπαντήσαντας·
717 1089 798 1170 τοῦς
825 1089 863 1159 δέ
888 1091 946 1159 καί
972 1090 1128 1179 όποφεῦ-

170 1215 291 1275 γοντας
319 1190 405 1260 ἑλών
432 1197 491 1280 βίᾳ
519 1190 774 1278 κατεστρέψατο.

131 1321 156 1363 ιο
242 1287 298 1360 Ἐν
334 1290 443 1383 τοότςο
483 1289 521 1360 δέ
561 1291 790 1378 ἐξαγγέλλεται
819 1290 1028 1385 Ἀλεξάνδρμι
1060 1297 1128 1363 τῶν
1139 1300 1184 1364 22

170 1388 369 1480 αὐτονόμων
383 1391 500 1461 Ἰνδῶν
518 1390 644 1473 ἀλλους
669 1395 708 1461 τί
722 1419 815 1472 τινας
832 1393 888 1460 καί
905 1393 986 1474 τοῦς
1004 1402 1130 1463 καλου·

169 1493 294 1581 μένους
326 1501 504 1573 Καθαίους
530 1492 658 1574 αὐτοῦς
683 1521 720 1562 τε
745 1494 1057 1583 παρασκευάζεσθαι
1084 1492 1130 1575 ώς

171 1595 205 1672 ές
222 1589 344 1682 μάχην,
363 1601 396 1664 εί
412 1591 575 1685 προσάγοι
592 1597 633 1683 τῇ
653 1595 747 1687 χώρᾳ
765 1595 882 1664 αὐτῶν
898 1594 1130 1685 Ἀλέξανδρος,

170 1696 227 1763 καὶ
246 1691 308 1764 ὅσα
322 1693 429 1785 ὅμορά
447 1717 562 1784 σφισιν
577 1694 736 1776 ώσαότως
754 1695 937 1786 αὐτόνομα,
954 1699 1130 1766 καὶταῦτα

132 1823 157 1864 ιε
171 1804 378 1886 παρακαλεῖν
411 1800 444 1878 ές
476 1797 514 1866 τό
544 1804 659 1886 ἐργον·
704 1797 790 1867 εἷναι
816 1797 854 1866 δὲ
880 1799 941 1886 τήν
967 1825 1003 1868 τε
1030 1797 1163 1867 πόλιυν

170 1895 301 1985 ὀχυράν
327 1897 411 1988 πρὸς
437 1889 460 1987 ᾗ
489 1897 652 1969 ἐπενόουν
678 1895 930 1986 ἀγωνίσασθαι,
967 1899 1130 1986 Σάγγαλα

168 1990 212 2086 ἦν
237 2003 279 2088 τῇ
307 1999 400 2069 πόλει
426 1998 545 2090 ὄνομα,
571 2000 629 2069 καὶ
655 1998 751 2069 αὐτοὶ
779 2005 815 2069 οί
835 2009 985 2070 Καθαῖοι
1010 1998 1130 2070 εὐτολ-

169 2099 310 2187 μότατοί
323 2128 360 2170 τε
376 2103 433 2170 καί
446 2102 486 2170 τά
502 2104 641 2189 πολέμια
654 2101 821 2192 κράτιστοι
841 2104 1047 2189 ἐνομίζοντο·
1073 2102 1130 2170 καί

168 2202 300 2282 τούτοις
313 2202 396 2272 κατά
409 2202 450 2271 τδι
468 2201 554 2272 αὐτά
565 2202 765 2292 Ὀξυδράκαι
783 2201 864 2272 ἀλλο
879 2201 997 2273 Ἰνδῶν
1017 2210 1128 2289 ἔθνος,

130 2330 155 2370 εο
169 2303 225 2371 καὶ
239 2310 388 2390 Μαλλοί,
402 2302 484 2374 ἀλλο
498 2306 682 2374 καὶτοῦτο·
704 2306 775 2374 ἐπεὶ
788 2305 845 2372 καὶ
860 2302 965 2396 ὀλίγῳ
975 2304 1130 2390 πρόσθεν

169 2405 438 2492 στρατεύσαντας
457 2403 509 2474 ἐπ’
538 2403 665 2485 αὐτοῦς
683 2404 809 2492 Πῶρόν
825 2430 863 2472 τε
880 2406 937 2473 καὶ
951 2403 1130 2494 Ἀβισάρην

169 2505 232 2586 ξῦν
257 2531 294 2574 τε
318 2511 360 2594 τῇ
388 2507 532 2596 σφετέρᾳ
559 2505 701 2592 δυνάμει
726 2507 784 2575 καὶ
810 2503 918 2574 πολλοὶ
941 2504 1027 2574 ἀλλα
1045 2511 1129 2594 ἔθνη

168 2611 239 2675 τῶν
265 2604 464 2694 αὐτονόμων
487 2607 605 2676 Ἰνδῶν
631 2605 883 2694 ἀναστήσαντας
911 2604 1014 2676 οὐδὲν
1040 2605 1129 2696 πρά-

169 2707 290 2788 ξαντας
316 2711 373 2793 τῆς
400 2710 613 2796 παρασκευῆς
639 2705 733 2788 ἀξιον
759 2707 884 2796 ξυνέβη
911 2705 1084 2778 ἀπελθεῖν.

129 2841 155 2883 ει
250 2806 359 2878 Ταῦθ’
408 2807 452 2888 ῶς
500 2809 682 2898 ἐξηγγέλθη
718 2807 946 2901 Ἀλεξάνδρῳ,
993 2812 1162 2899 σπονδῇε

167 2907 317 2995 ἤλαυνεν
344 2906 389 2990 ῶς
417 2911 472 2979 ἐπὶ
505 2909 586 2990 τοῦς
613 2917 799 2990 Καθαίους.
843 2911 902 2980 καὶ
935 2916 1127 3001 δευτεραῖος

168 3008 235 3078 ἀπδ
277 3013 338 3080 τοῦ
379 3015 530 3100 ποταμοῦ
573 3015 633 3082 τοῦ
673 3010 863 3101 Ὑδραώτου
907 3012 1009 3102 πρὸς
1031 3012 1129 3081 πόλιν

167 3102 248 3196 η’κεν
274 3101 297 3200 ᾖ
324 3110 430 3200 ὄνομα
458 3121 660 3203 Πίμπραμα·
686 3113 725 3182 τδ
753 3111 788 3181 δ’
810 3119 911 3194 ἔθνος
937 3118 1037 3182 τοῦτο
1061 3115 1130 3182 τῶν

164 3208 282 3281 Ἰνδῶν
307 3213 500 3304 Ἀδραῖσταδ
529 3217 720 3285 ἐκαλοῦντο.
754 3204 847 3282 οὗτοι
864 3213 926 3301 μέν
943 3211 986 3300 δὴ
1004 3235 1126 3302 προσε·
1146 3229 1160 3276 4

129 3353 155 3394 ς,
168 3312 324 3403 χώρησαν
363 3314 525 3407 ὁμολογία
561 3315 777 3408 Ἀλεξάνδρςα
817 3317 874 3384 καὶ
911 3312 1128 3404 Ἀλέξανδρος

167 3413 367 3499 ἀυαπαῦσας
399 3422 442 3508 τῇ
475 3416 639 3507 ῦστεραία
672 3417 735 3502 τὴν
768 3417 928 3506 στρατιάν
960 3421 1004 3504 τῇ
1031 3423 1127 3505 τρίτη

167 3517 359 3610 προύχώρει
393 3521 449 3590 ἐπὶ
481 3519 523 3588 τά
550 3517 726 3606 Σάγγαλα,
761 3521 819 3587 ίνα
852 3521 887 3586 οί
911 3524 1066 3587 Καθαῖοί
1093 3543 1128 3587 τε
