2590 3948
210 217 276 284 288
562 214 813 276 εεεειεαεεου

213 377 277 466 μέν
309 374 396 446 ἀλλα
430 375 678 464 καταλαμβάνω
712 376 965 464 ἐκπεφορημένα
999 373 1089 462 πλὴν
1121 381 1187 464 τῆς

215 481 343 549 πυέλου
376 478 433 546 καί
458 483 517 566 τῆς
545 485 679 564 κλίνης·
716 480 752 545 os
781 475 819 546 δέ
844 478 901 545 καὶ
926 474 966 544 τό
994 482 1091 564 σῶμα
1116 481 1185 547 τοῦ

217 579 335 669 Κύρου
354 579 578 667 ἐλωβήσαντο,
595 574 777 664 ἀφελόντες
794 575 830 646 τό
851 583 951 665 πῶμα
963 582 1023 664 τῆς
1038 579 1185 666 πυέλου,

214 682 272 750 καλ
303 681 365 749 τόν
397 681 520 769 νεκρὸν
548 680 721 766 ἐξέβαλον·
765 673 873 764 αὐτὴν
898 677 937 748 δέ
962 677 1025 764 τὴν
1051 675 1185 749 πύελον

216 784 395 870 ἐπειρῶντο
409 779 552 867 εὔογκόν
565 799 656 867 σφισι
669 778 873 866 ποιήσασθαι
885 781 942 848 καὶ
955 777 1061 870 ταύτη
1071 778 1182 868 εύφο·
1213 809 1226 849 ε
1280 838 1281 870 ,

215 908 277 972 ρον
289 880 331 951 τά
349 881 412 971 μὲν
426 880 710 969 παρακόπτοντες,
727 878 768 948 τά
782 879 821 950 δὲ
834 882 1050 962 ξυνθλῶντες
1063 880 1183 969 αὐτῆς.

216 981 263 1064 ῶς
289 982 328 1052 δέ
353 981 395 1052 ού
421 980 611 1073 προύχῶρει
628 979 745 1061 αὐτοῖς
769 986 871 1050 τούτο
891 983 930 1050 τδ
949 987 1061 1071 ἔργον,
1090 979 1183 1052 οὕτω

166 1095 199 1147 1ο
216 1083 259 1173 δη
275 1084 432 1164 ἐάσαντες
449 1083 511 1172 τὴν
525 1083 651 1152 πύελον
664 1081 830 1169 ἀπῆλθον.
856 1083 914 1152 καὶ
928 1080 1184 1171 λέγει’Λριστό-

214 1191 338 1274 βουλος
364 1183 465 1266 αύτδς
489 1189 656 1272 ταχθῆναι
678 1182 761 1272 πρός
776 1177 999 1272 Ἀλεξάνδρου
1016 1191 1185 1272 κοσμῆσαι

217 1288 250 1369 ἐξ
276 1285 428 1375 ὑπαρχῆς
451 1289 499 1380 τῷ
518 1285 624 1376 Κύρῳ
641 1285 702 1354 τόν
717 1284 841 1373 τάφον·
876 1285 1012 1354 καὶτοῦ
1029 1285 1092 1373 μὲν
1110 1287 1184 1356 σοι’·
1197 1318 1222 1358 ιι

215 1415 317 1478 ματος
343 1387 470 1476 ὅσαπερ
490 1394 537 1458 ἐτι
558 1389 630 1457 σῶα
647 1378 691 1474 ἦν
707 1396 906 1456 καταθεῖναι
924 1390 958 1465 ἐς
975 1384 1037 1474 τὴν
1054 1387 1184 1457 πύελον
1281 1402 1282 1412 ’

214 1490 273 1558 καὶ
305 1489 345 1558 τό
378 1492 478 1577 πῶμα
505 1491 686 1557 ἐπιθεῖναι·
726 1484 789 1556 ὅσα
814 1486 853 1556 δέ
878 1486 1046 1575 λελῶβητο
1072 1485 1185 1576 αὐτῆς

215 1595 443 1678 κατορθῶσαι·
476 1590 534 1658 καλ
559 1587 621 1674 τὴν
647 1594 768 1677 κλίνην
795 1590 939 1658 ἐντεῖναι
963 1595 1106 1669 ταινίαις
1123 1591 1185 1658 καὶ

215 1683 320 1759 τάλλα
352 1688 417 1759 ὅσα
443 1692 476 1769 ἐς
502 1687 630 1778 κόσμον
657 1695 760 1758 ἔκειτο
786 1687 858 1757 κατ’
887 1685 1035 1778 ἀριθμόν
1060 1715 1098 1759 τε
1123 1691 1185 1760 καὶ

214 1807 286 1871 τοῖς
318 1791 421 1860 πάλαι
451 1789 549 1879 ὅμοια
581 1788 759 1860 ἀποθεῖναι
790 1789 847 1858 καὶ
881 1791 944 1878 την
975 1795 1107 1880 θυρίδα
1143 1792 1184 1861 δέ
1196 1823 1221 1865 ιε

216 1892 379 1978 ἀφανίσαι
402 1889 444 1960 τά
470 1891 533 1980 μὲν
559 1890 663 1979 αύτῆς
687 1898 775 1982 λίθῳ
795 1892 1112 1980 ἐνοικοδομήσαντα,
1138 1891 1183 1961 τά
1282 1966 1283 1994 ρ

216 1993 255 2062 δέ
280 1997 374 2084 πηλῷ
403 1993 632 2081 ἐμπλάσαντα·
663 1994 722 2060 καλ
750 1995 921 2080 ἐπιβαλεῖν
946 1999 993 2084 τῶ
1020 1998 1117 2085 πηλῷ
1143 1993 1183 2064 τό
1282 1995 1283 2032 ί

167 2105 197 2154 11
217 2109 356 2181 σημεῖον
371 2093 409 2163 τό
427 2092 607 2180 βασιλικόν.
626 2090 842 2181 Ἀλέξανδρος
855 2093 894 2162 δέ
907 2093 1085 2181 ξυλλαβῶν
1098 2093 1184 2175 τούς

217 2193 362 2282 Μάγους
386 2194 467 2275 τούς
492 2194 647 2282 φύλακας
669 2197 729 2262 τοῦ
747 2195 859 2281 τάφου
878 2197 1115 2284 ἐστρέβλωσεν,
1134 2195 1184 2278 ῶς

214 2312 384 2366 κατειπεῖν
409 2294 489 2376 τούς
516 2295 720 2385 δράσαντας·
755 2300 792 2364 ολ
807 2294 845 2364 δέ
863 2294 966 2366 οὐδὲν
984 2292 1063 2368 οὔτε
1081 2302 1183 2386 σφῶν
1196 2330 1222 2370 ιο

215 2396 293 2468 οὔτε
318 2397 424 2468 ἀλλον
450 2413 609 2467 κατεῖπον
631 2395 900 2487 στρεβλούμενοι,
927 2395 1008 2466 οὐδὲ
1026 2394 1114 2488 ἀλλη
1133 2399 1183 2486 πη

217 2501 452 2588 ἐξηλέγχοντο
482 2498 670 2581 ξυνειδότες
702 2503 749 2590 τῷ
783 2503 887 2591 ἐργφ·
930 2498 987 2567 καὶ
1014 2499 1069 2569 ἐπὶ
1093 2504 1186 2591 τῷδε

215 2601 408 2690 ἀφείθησαν
436 2602 468 2682 ἐξ
493 2597 724 2689 Ἀλεξάνδρου.

165 2708 208 2774 30
283 2701 409 2772 Ἔνθεν
434 2701 473 2770 δέ
500 2704 533 2780 ἐς
559 2700 599 2770 τά
617 2707 768 2788 βασίλεια
785 2699 838 2790 ᾔει
853 2699 895 2770 τά
912 2705 1070 2788 Περσῶν,
1095 2698 1185 2789 ἀδη

216 2801 367 2886 πρόσθεν
400 2803 600 2888 κατέφλεξεν
626 2799 741 2888 αύτός,
777 2799 822 2881 ῶς
848 2829 903 2889 μοι
928 2804 1088 2889 λέλεκται,
1125 2800 1186 2873 ὅτε
1199 2837 1225 2879 2⁶

216 2897 281 2972 ούκ
299 2903 449 2992 ἐπῄνουν
465 2901 503 2971 τό
524 2908 638 2990 ἔργον·
665 2899 740 2970 ἀλλ’
757 2899 834 2970 οὐδ’
850 2897 1186 2991 αύτὸςἈλέξανδρος

217 3002 415 3072 ἐπανελθῶν
442 3001 566 3091 ἐπῄνει.
602 3003 659 3070 καὶ
685 3001 748 3089 μὲν
774 3003 816 3089 δὴ
844 3004 901 3072 καὶ
925 3003 1010 3072 κατά
1027 3003 1185 3092 Ὀρξίνου

216 3105 335 3174 πολλοὶ
366 3103 458 3191 λόγοι
489 3103 674 3192 ἐλέχθησαν
709 3099 793 3192 πρὸς
833 3107 996 3192 Περσῶν,
1033 3101 1072 3185 ὃς
1102 3097 1187 3193 ἦρξε

182 3211 361 3294 εΠερσῶν
388 3203 501 3293 ἐπειδὴ
535 3204 755 3294 Φρασαόρτης
782 3205 982 3292 ἐτελεύτησε.
1018 3207 1076 3274 καὶ
1104 3209 1186 3296 ἐξη-

216 3309 340 3394 λέγχθη
355 3304 505 3396 Ὀρξίνης
534 3304 606 3392 ιἐρά
631 3332 668 3374 τε
694 3303 744 3373 ὅτι
771 3306 943 3394 σεσυλήιλει
968 3307 1026 3375 καὶ
1050 3306 1186 3394 τάφους
1200 3353 1227 3394 ,χ

215 3407 420 3495 βασιλικούς,
445 3407 502 3476 καὶ
527 3409 669 3495 Περσῶν
694 3401 841 3484 πολλούς
867 3405 918 3475 ότι
943 3405 984 3476 οὐ
1010 3406 1073 3488 ξύν
1100 3411 1187 3500 δίκῃ

215 3505 395 3576 ἀπέκτεινε.
434 3509 557 3576 τοῦτον
581 3506 645 3597 μὲν
671 3505 714 3598 δὴ
731 3501 782 3586 οἷς
801 3506 924 3596 ἐτάχθη
941 3501 1010 3578 ύπδ
1026 3505 1187 3591 Ἀλεξάν-
