2664 3946
228 247 288 312 138
584 242 832 304 εεεεωιεεου

225 390 306 466 τούς
321 386 503 464 ἐθελοντάς
518 387 767 473 ὑπομείναντας
780 389 837 454 καλ
853 385 932 465 τούς
944 379 1183 472 Ἀνδρομάχουζ

227 491 390 576 Νικάνωρ
413 491 451 556 δὲ
467 487 485 555 δ
500 493 743 575 Παρμενίωνος
764 487 783 554 δ
804 495 873 555 τόν
888 487 1107 555 ὑπασπιστῶν
1123 486 1185 571 άρ-
1317 565 1320 570 ,

194 608 297 676 σχων
318 591 545 676 τετελευτήκει
566 589 632 676 ἤδη
662 591 762 676 νόσω.
806 590 893 658 ίόντι
923 590 960 656 δέ
979 589 1185 675 Ἀλεξάνδρῳ

226 692 288 778 τήν
311 694 367 759 έπὶ
381 693 518 778 Βάκτρα
539 693 724 778 ἐξηγγέλθη
740 692 992 777 Σατιβαρζάνης
1013 689 1031 758 δ
1048 690 1185 774 Ἀρείων

227 794 399 878 σατράπης
417 791 618 872 Ἀνάξιππον
644 793 707 878 μὲν
734 794 789 858 καὶ
816 791 896 870 τούς
922 791 1211 870 ίππακοντιστάςε

225 896 306 973 τούς
321 891 383 974 ξύν
398 893 489 980 αύτῷ
511 892 713 978 άπεκτονιάς,
737 893 881 976 ὁπλίζων
896 895 933 960 δὲ
948 893 1027 971 τούς
1039 892 1186 977 Ἀρείους

226 997 282 1062 καλ
298 995 454 1078 ξυνάγων
469 997 517 1074 είς
535 993 739 1079 Ἀρτακόανα
753 997 866 1081 πόλιν,
888 997 946 1062 ἵνα
959 997 997 1062 τὸ
1012 999 1186 1080 βασίλειον

225 1090 270 1184 ἦν
294 1102 363 1163 τῶν
388 1094 540 1181 Ἀρείων·
577 1098 712 1164 ἐκεῖθεν
741 1098 778 1163 δέ
800 1096 851 1164 ότι
873 1095 1024 1182 έγνύιιει,
1048 1090 1185 1164 έπειδδιν

154 1276 157 1279 ,
226 1199 508 1283 προκεχωρηκότα
527 1196 746 1284 Ἀλέξανδρον
762 1199 927 1283 πύθηται,
952 1198 1038 1264 ίέναι
1060 1195 1122 1276 ξύν
1143 1203 1185 1284 τῇ

227 1299 369 1384 δυνάμει
390 1297 481 1385 παρά
495 1303 644 1384 Βῆσσον,
667 1296 713 1376 ὡς
727 1297 789 1377 ξύν
805 1301 923 1387 ἐκείνω
940 1299 1186 1385 έπνθησόμενος
1198 1323 1224 1364 ιι

192 1417 209 1467 ο
227 1399 291 1486 ὅπη
314 1399 358 1467 άν
378 1402 463 1486 τύχη
484 1411 554 1478 τοῖς
576 1400 784 1467 Μακεδόσιν.
815 1405 921 1466 ταῦτα
941 1398 986 1478 ιδς
1001 1400 1184 1486 ἐξηγγέλθη

227 1500 329 1589 αὐτῷ,
346 1500 408 1588 τήν
419 1501 482 1587 μὲν
498 1502 553 1568 ίπλ
561 1504 697 1587 Βάκτρα
712 1499 794 1569 ὁδὸν
808 1499 871 1568 ούκ
882 1494 981 1587 ἦγεν·
1004 1500 1185 1586 άναλαβύν

227 1604 265 1670 δὲ
279 1603 358 1680 τούς
379 1626 415 1668 τε
438 1602 591 1687 ἑταίρους
606 1603 725 1680 ἱππέας
746 1602 803 1668 καί
823 1603 904 1680 τούς
927 1601 1186 1682 ἱππακοντιστάς

127 1701 129 1705 ’
226 1708 283 1771 καλ
294 1703 374 1781 τούς
385 1704 522 1782 τοξότας
532 1701 589 1769 καὶ
602 1706 682 1780 τοὺς
694 1703 868 1788 Ἀγριᾶνας
879 1701 935 1770 καὶ
946 1700 1008 1789 την
1020 1701 1185 1790 Ἀμύντου

226 1829 263 1871 τε
284 1806 341 1871 καί
356 1808 484 1872 Κοίνου
505 1805 616 1889 τάξιν,
639 1804 702 1890 την
724 1805 761 1872 δὲ
779 1804 886 1889 άλλην
909 1807 1056 1893 δύναμιν
1077 1805 1184 1873 αύτού
1198 1828 1225 1870 ιι

227 1904 421 1972 καταλιπόν
443 1908 500 1972 καλ
522 1903 576 1972 ἐπ’
600 1905 685 1992 αὐτῇ
700 1907 875 1990 Κράτερον
888 1905 1037 1993 ἡγεμόνα
1053 1910 1186 1995 σπουδῇ

226 2000 309 2092 ἦγεν
337 2005 382 2084 οἱς
409 2006 465 2073 ἐπὶ
495 2010 749 2093 Σατιβαρζάνην
776 2032 813 2074 τε
839 2009 896 2074 καὶ
923 2009 1003 2086 τούς
1026 2008 1184 2093 Ἀρείους,
1286 2009 1288 2014 ’

227 2109 285 2173 καλ
312 2106 460 2174 διελθτδν
491 2110 529 2174 ἐν
551 2108 651 2175 δυσὶν
677 2107 815 2194 ἡμέραις
836 2109 993 2188 σταδίους
1015 2111 1051 2187 ἐς
1072 2110 1184 2188 ἑξακο-
1316 2151 1319 2180 ι

228 2212 323 2287 σίους
344 2207 429 2295 πρὸς
448 2207 654 2295 Ἀρτακόανα
675 2202 747 2296 ἧκε.

194 2325 210 2375 ‘1
313 2313 563 2396 Σατιβαρζάνης
589 2313 651 2397 μὲν
679 2305 759 2396 οὖν,
792 2309 838 2390 ὥς
859 2316 945 2395 ἔγνω
976 2312 1076 2396 ἐγγύς
1104 2311 1186 2380 ὄντα
1199 2335 1226 2376 εο

226 2398 454 2496 Ἀλέξανδρον,
477 2418 518 2498 τῇ
541 2412 673 2498 ὀξύτητι
694 2417 752 2498 τῆς
775 2414 903 2498 ἐφόδου
926 2414 1103 2497 ἐκπλαγεὶς
1124 2411 1187 2493 ξύν

227 2512 354 2597 όλίγοις
376 2515 515 2580 ἱππεῦσι
536 2520 606 2580 τῶν
624 2513 762 2600 Ἀρείων
783 2519 905 2599 ἔφυγε·
936 2513 1019 2600 πρὸς
1037 2513 1102 2599 γάρ
1117 2521 1187 2582 τῶν

228 2618 365 2680 πολλῶν
392 2619 605 2700 στρατιωτῶν
633 2621 839 2701 κατελείφθη
868 2616 907 2683 έν
933 2620 975 2703 τῇ
1002 2621 1113 2701 φυγῇ,
1142 2615 1188 2694 ὥς

228 2713 378 2782 κάκεῖνοι
400 2719 529 2801 ἔμαθον
543 2719 758 2801 προσάγοντα
773 2718 1003 2802 Ἀλέξανδρον.
1039 2717 1186 2796 Ἀλέξαν-

229 2817 308 2899 δρος
322 2816 376 2901 δέ,
395 2818 498 2894 ὅσους
513 2819 703 2896 ξυναιτίους
717 2823 776 2904 τῆς
790 2817 1005 2896 ἀποστάσεως
1018 2821 1187 2902 κατέμαθε
1200 2841 1227 2881 εε

228 2915 285 2983 καὶ
308 2919 347 2984 έν
368 2922 414 3003 τῷ
436 2917 510 2984 τότε
532 2915 796 2997 ἀπολελοιπότας
816 2918 875 2997 τάς
896 2920 1023 3006 κόμας,
1047 2920 1188 2997 τούτους

229 3021 266 3085 δὲ
288 3017 374 3104 άλλη
396 3021 452 3084 καὶ
475 3018 572 3106 άλλη,
595 3017 702 3098 ὀξείας
722 3018 781 3098 τὰς
803 3023 932 3100 διάξεις
952 3021 1188 3107 ποιησάμενος,

227 3120 308 3198 τούς
323 3121 385 3207 μὲν
400 3119 584 3206 ἀπέκτεινε,
600 3121 679 3198 τούς
691 3122 728 3187 δέ
742 3121 987 3208 ἠνδραπόδισε·
1012 3122 1188 3207 σατράπην
1315 3185 1316 3190 ,

229 3223 266 3288 δὲ
275 3222 412 3308 Ἀρείων
424 3219 598 3301 άπέδειξεν
605 3221 782 3308 Ἀρσάμην,
795 3222 904 3305 ἄνδρα
915 3225 1064 3310 Πέρσην.
1089 3222 1189 3300 αύτός

194 3325 267 3392 ὅδὲ
289 3323 355 3392 σύν
375 3335 448 3403 τοῖς
468 3323 554 3409 ἀμφὶ
576 3325 752 3410 Κράτερον
773 3323 1079 3411 ὑπολελειμμένοις,
1103 3324 1188 3410 ὁμοῦ
1201 3343 1230 3386 σο
1286 3377 1288 3382 .

228 3419 328 3494 ούσιν
350 3425 431 3512 ἤδη,
454 3424 500 3504 άς
521 3427 577 3493 ἐπὶ
591 3424 653 3509 τὴν
668 3431 891 3510 Ζαραγγαίων
906 3426 1018 3512 χάραν
1033 3418 1109 3511 ἦγε·
1132 3427 1190 3491 καὶ

227 3525 419 3612 ἀφικνεῖται
445 3527 503 3592 ἵνα
537 3524 578 3594 τά
604 3529 759 3610 βασίλεια
786 3532 855 3593 ταῖν
884 3531 1107 3613 Ζαραγγαίων
1133 3521 1188 3612 ἦν.
