2678 3950
220 227 283 294 238
574 227 828 286 εεωωεαεεον

220 387 278 458 καὶ
303 389 344 457 τδι
372 385 425 457 ἐπ’
447 390 558 458 έκεῖνο
575 393 636 457 τοῦ
650 386 903 477 Ὑφάσιος-γένη
921 398 1120 474 προσθεῖναι
1137 393 1181 478 τῇ

187 488 365 580 θόμετέρῳ
392 489 605 559 Μακεδόνων
632 487 737 580 άρχής
770 485 790 576 ἢ
817 490 924 558 δέδιτε
949 489 994 576 μὴ
1022 489 1180 570 δέξωνται

221 589 310 679 ὑμᾶς
338 597 384 660 ἔτι
409 590 505 660 άλλοι
530 590 694 680 βάρβαροι
721 591 893 672 έπιόντας;
922 580 969 660 ὧν
995 617 1034 675 γε
1060 595 1095 659 οί
1117 590 1180 680 μὲν

221 697 480 782 προσχωροῦσιν
499 692 642 778 ἑκόντες,
668 697 702 761 οί
718 692 756 760 δὲ
774 692 957 779 φεόγοντες
975 690 1180 780 ἁλίσκονται,

221 799 258 863 οί
281 793 319 862 δὲ
344 791 574 882 ἀποφυγόντες
600 794 663 881 τήν
689 793 803 880 χώραν
828 793 909 881 ἡμῖν
929 799 1051 881 ἔρημον
1070 818 1208 880 παρωε

222 894 385 981 διδόασιν,
412 889 432 981 ή
460 895 498 964 δέ
522 909 592 975 τοῖς
619 896 800 983 ξυμμάχοις
825 921 862 964 τε
887 890 1041 973 καὶτοῖς
1069 896 1180 964 ἑκοῦσι

221 995 477 1086 προσχωρήσασι
502 1002 726 1082 προστίθεται.

170 1098 211 1162 26
299 1099 411 1185 Πέρας
438 1096 475 1166 δὲ
493 1101 562 1165 τῶν
580 1097 695 1166 πόνων
712 1103 860 1188 γενναίῳ
878 1096 941 1184 μὲν
959 1097 1059 1185 ἀνδρὶ
1078 1095 1181 1166 οὐδὲν

222 1204 311 1267 δοκοῖ
331 1203 435 1285 ἔγωγε
452 1197 502 1266 ότι
519 1199 563 1286 μή
582 1196 707 1278 αὐτοός
724 1198 805 1279 τοός
824 1198 963 1284 πόνους,
982 1197 1053 1266 ὅσοι
1066 1198 1181 1268 αὐτῶν

223 1303 256 1380 ές
290 1297 375 1368 καλά
404 1305 484 1386 ἔργα
511 1302 681 1387 φέρουσιν.
733 1307 764 1370 εί
789 1300 830 1368 δέ
852 1327 901 1380 τις
927 1301 984 1368 καὶ
1011 1298 1106 1391 αὐτῷ
1132 1305 1180 1392 τῷ
1195 1331 1223 1370 ιο

222 1409 379 1489 πολεμεῖν
419 1410 522 1469 ποθεῖ
552 1399 695 1469 ἀκοῦσαι
727 1397 745 1468 ὅ
777 1427 809 1468 τι
843 1426 905 1488 περ
941 1404 1047 1469 ἔσται’
1063 1402 1178 1487 πέρας,

221 1504 356 1590 μαθέτω
383 1500 433 1569 ὅτι
460 1499 501 1570 οὐ
530 1500 636 1589 πολλὴ
663 1507 710 1570 ἔτι
734 1501 817 1590 ήμῖν
843 1501 982 1588 ήλοιπή
1001 1504 1090 1570 ἐστιν
1109 1507 1182 1570 ἔστε

223 1604 277 1673 έπλ
303 1604 364 1672 τόν
390 1601 541 1690 ποταμόν
566 1629 602 1671 τε
621 1603 756 1690 Γάγγην
782 1604 840 1671 καὶ
857 1602 922 1689 τήν
941 1602 1030 1694 ἐμίαν
1047 1603 1180 1672 θάλασ-

222 1723 301 1773 σαν’
340 1703 447 1792 ταύτῃ
481 1703 518 1772 δὲ
551 1703 637 1790 λέγω
670 1697 755 1791 ὑμῖν
791 1705 944 1792 ξυναφὴς
975 1719 1128 1792 φανεῖται
1158 1701 1182 1792 ή

217 1805 375 1891 Ὑρκανία
408 1805 580 1874 θάλασσα·
626 1805 866 1894 ἐκπεριέρχεται
904 1805 970 1891 γὰρ
1005 1810 1070 1892 γήν
1104 1801 1180 1894 περὶ
1195 1835 1221 1876 ιε

189 1918 204 1966 2
223 1912 335 1975 πᾶσαν
352 1904 373 1992 ή
390 1906 517 1993 μεγάλη
535 1907 700 1976 θάλασσα.
728 1908 786 1976 καὶ
806 1906 871 1993 ἐγώ
891 1907 1044 1986 ἐπιδείξω
1062 1905 1176 1975 Μακε·

222 2007 296 2076 δόσι
319 2008 429 2076 τεκαὶ
447 2023 518 2086 τοῖς
538 2007 720 2096 ξυμμάχοις
737 2009 799 2076 τόν
816 2007 878 2095 μὲν
893 2001 1036 2076 Ἰνδικδν
1053 2008 1181 2076 κόλπον

223 2109 370 2197 ξόρρονν
406 2105 487 2176 ὄντα
513 2110 559 2198 τῷ
586 2113 753 2200 Περσικῷ,
779 2107 840 2196 τὴν
867 2107 905 2177 δὲ
927 2105 1106 2196 Ὑρκανίαν
1132 2115 1180 2200 τῷ

218 2206 363 2300 Ἰνδικῷ·
403 2207 469 2276 άπδ
504 2207 542 2277 δὲ
573 2211 634 2278 τοῦ
663 2215 832 2296 Περσικοῦ
869 2211 902 2289 ές
930 2209 1061 2297 Λιβύην
1087 2235 1181 2298 περι·Ι

222 2309 466 2398 πλενσθήσεται
492 2311 600 2401 στόλῳ
627 2307 776 2402 ἡμετέρῳ
801 2308 842 2378 τά
860 2311 956 2400 μέχρι
978 2310 1220 2398 Ἡρακλέουςεο

222 2414 378 2497 Στηλῶν·
406 2409 473 2480 άπδ
493 2411 531 2480 δὲ
549 2417 692 2500 Στηλῶν
709 2411 731 2500 ή
752 2411 845 2490 έντός
858 2410 968 2500 Λιβύη
987 2415 1078 2480 πᾶσα
1096 2411 1180 2499 ήμε·

221 2514 301 2601 τέρα
326 2519 474 2599 γίγνεται
499 2513 556 2581 καὶ
581 2510 712 2599 ήἈσία
740 2511 781 2600 δή
800 2509 890 2582 οὕτω
907 2517 1011 2600 πάσα,
1034 2515 1092 2582 καλ
1110 2511 1182 2600 ὅροι

221 2619 280 2700 τῆς
305 2613 411 2702 ταότη
438 2613 542 2702 ἀρχῆς
560 2611 686 2700 οὕσπερ
703 2615 760 2682 καὶ
781 2615 842 2702 τὴς
859 2618 920 2700 γής
939 2613 1040 2701 ὅρους
1059 2613 1077 2682 ὁ
1100 2612 1181 2693 θεὸς

189 2719 367 2802 εέποίησε.
420 2719 486 2782 νῦν
518 2713 555 2783 δὲ
589 2713 631 2800 δή
665 2714 946 2804 ἀποτρεπομένων
979 2715 1086 2784 πολλά
1118 2715 1182 2802 μὲν

222 2815 346 2904 μάχιμα
371 2814 588 2883 ὑπολείπεται
613 2818 694 2903 γένη
723 2813 774 2884 ἐπ’
805 2817 916 2885 έκεῖνο
942 2819 1002 2885 τοῦ
1027 2814 1180 2904 Ὑφάσιος
1194 2847 1220 2888 ετ

225 2923 295 2987 ἔστε
314 2917 369 2984 ἐπὶ
386 2915 449 3002 τήν
473 2913 560 3006 ἕῳάν
577 2914 767 3003 θάλασσαν,
785 2915 891 2994 πολλοὶ
910 2917 948 2986 δὲ
966 2915 1031 2986 άπὸ
1049 2917 1180 2985 τούτων

225 3024 271 3088 ἔτι
298 3018 353 3084 έπὶ
370 3013 624 3104 τήνὙρκανίαν
652 3013 697 3095 ὦς
725 3019 780 3086 ἐπὶ
807 3023 935 3106 βορρᾶν
962 3016 1097 3106 ἄνεμον,
1125 3019 1181 3086 καὶ

222 3116 262 3186 τά
278 3113 434 3186 Σκυθικά
461 3117 543 3204 γένη
570 3115 610 3186 οὐ
630 3118 746 3206 πόρρω
764 3117 906 3204 τούτων,
934 3115 1018 3188 ὥστε
1045 3121 1121 3200 δέος
1135 3119 1180 3207 μή

222 3214 440 3288 άπελδόυτων
454 3216 561 3287 ὀπίσω
574 3219 632 3287 καλ
650 3219 690 3286 τδι
707 3223 774 3287 νόν
789 3218 1000 3308 κατεχόμενα
1009 3217 1049 3288 οὕ
1064 3223 1181 3307 βέβαια

223 3317 302 3388 ’όντα
330 3321 461 3408 ἐπαρθῇ
491 3320 576 3408 πρός
594 3318 779 3388 ἀπόστασιν
796 3320 881 3407 πρὸς
898 3323 967 3388 τῶν
984 3321 1082 3408 μήπω
1105 3323 1179 3408 έχο·
1194 3347 1220 3387 σο

189 3450 206 3497 4
223 3421 344 3508 με’νων.
371 3422 428 3488 καὶ
447 3420 522 3490 τότε
541 3419 582 3508 δή
603 3419 760 3509 ἀνόνητοι
777 3420 857 3510 ἡμῖν
873 3427 1003 3491 ἔσονται
1017 3426 1053 3490 οί
1063 3425 1182 3490 πολλοὶ

223 3521 323 3590 πόνοι
339 3517 361 3609 ἢ
381 3519 493 3591 ἄλλων
520 3513 621 3602 αὖθις
641 3525 673 3604 ἐξ
692 3521 794 3612 ἀρχῆς
812 3521 921 3611 δεήσει
939 3521 1055 3592 πόνων
1071 3549 1107 3591 τε
1124 3524 1182 3593 καὶ
