2678 3950
489 252 673 306 ΑΝΔΒΑΣΙΣ
690 258 721 318 ο,
739 256 780 305 23.
1049 250 1113 316 233

151 407 289 498 βηκότες
316 406 431 480 αότάν
458 406 520 497 ἀφ’
548 407 683 499 όψηλοῦ
709 409 981 498 ἠκροβολιζοντο,
1007 409 1113 496 γνοός

147 509 366 600 Ἀλέξανδρος
385 508 435 579 ότι
452 509 516 580 ουίι
533 521 584 598 είη
601 515 671 578 τῶν
690 513 821 581 ἱππέων
838 510 876 580 τό
896 519 995 601 ἔργον
1008 537 1111 580 κατα·

154 611 304 700 πηδήσας
337 609 404 680 άπὸ
430 616 490 680 τοῦ
526 617 632 680 ίππου
659 613 754 696 πεζός
781 612 885 700 ἐπῆγε
910 617 979 680 τῶν
1005 617 1112 694 πεζῶν

152 714 217 800 τὴν
242 714 409 801 φάλαγγα.
453 713 510 781 καὶ
536 711 604 781 άπὸ
630 712 693 801 μὲν
718 719 787 782 τῶν
814 712 957 801 πρώτων
974 711 1146 800 άμαξῶνε

120 811 190 882 εοό
217 818 373 900 χαλεποῖς
393 813 567 902 ἐβιάσαντο
592 819 630 884 ολ
645 813 845 896 Μακεδόνες
869 813 951 894 τους
964 813 1112 894 Ἰνδούς·

146 914 210 1003 πρὸ
238 914 276 983 δὲ
298 916 371 984 τοῖν
388 917 558 1005 δευτέρων
576 920 613 984 ολ
623 913 725 986 Ἰνδοὶ
743 914 1012 1006 παραταξάμενοι
1029 919 1113 1005 ῥᾶον

146 1015 373 1103 ἀπεμάχοντο,
401 1011 455 1085 οἷα
483 1016 525 1103 δὴ
552 1017 759 1106 πυκνότεροί
779 1044 816 1086 τε
842 1014 1059 1105 ἐφεστηκότες
1074 1015 1112 1085 έν

147 1115 303 1186 ἐλάττονι
331 1119 379 1208 τῷ
404 1117 519 1209 κόκλφ
545 1118 602 1187 καὶ
633 1123 702 1186 τῶν
729 1117 942 1188 Μακεδόνων
969 1116 1009 1186 οό
1036 1117 1110 1188 κατ’

148 1217 366 1308 εὐρυχωρίαν
401 1217 562 1299 ολσαότως
588 1217 831 1308 προσαγόντων
857 1225 993 1306 σφίσιν,
1020 1217 1058 1288 ἓν
1085 1209 1111 1310 ᾧ

107 1345 132 1388 ιι
146 1319 207 1400 τάς
234 1346 272 1388 τε
289 1318 425 1407 πρότας
443 1319 573 1407 άμάξας
589 1318 759 1408 ὑπεξῆγον
784 1320 842 1389 καὶ
868 1319 952 1388 κατά
977 1317 1018 1388 τά
1036 1325 1110 1389 δια-

147 1429 312 1508 λείμματα
345 1417 460 1489 αάτιόν
488 1419 534 1501 ὡς
571 1421 720 1502 ἑκάστοις
746 1418 935 1511 προόχοόρει
961 1418 1110 1501 άτάκτως

147 1523 397 1612 προσέβαλλον·
443 1521 529 1592 άλλά
567 1523 624 1591 καὶ
659 1521 725 1591 άπδ
759 1523 891 1592 τοότων
931 1519 1022 1610 ὅμως
1056 1521 1110 1602 ἐξ·

149 1624 311 1711 εόσθησαυ
333 1628 370 1692 οί
385 1620 485 1692 Ἰνδοὶ
508 1626 705 1710 βιασθέντες
733 1623 817 1713 πρὸς
839 1627 896 1709 τῆς
923 1621 1107 1709 φάλαγγος.
1128 1643 1144 1692 3

147 1730 184 1794 οί
214 1723 252 1794 δὲ
288 1721 399 1792 οὐκέτι
431 1718 488 1792 ἐπὶ
518 1730 587 1794 τοῖν
618 1732 743 1812 τρίτων
779 1730 915 1812 ἔμενον,
947 1721 1032 1792 άλλά
1064 1722 1110 1805 ὥς

108 1851 134 1892 ιε
147 1826 272 1914 τάχους
299 1822 391 1911 εἶχον
416 1828 512 1914 φυγῇ
540 1831 589 1906 είς
614 1826 676 1913 τὴν
699 1825 800 1895 πόλιν
816 1831 1110 1913 κατεκλείσθησαν.

147 1929 204 1996 καὶ
227 1926 447 2016 Ἀλέξανδρος
464 1925 593 2016 ταότηυ
610 1927 673 2015 μὲν
690 1925 752 2014 τὴν
770 1925 897 2017 ἡμέραν
915 1946 1111 2014 περιεστρα-

13 2067 16 2099 ι
146 2030 330 2098 τοπέδενσε
355 2041 427 2108 τοῖς
452 2037 562 2112 πεζοῖς
587 2028 651 2116 τὴν
676 2029 775 2098 πόλιν
802 2026 866 2096 ὅσα
891 2053 930 2114 γε
954 2023 1111 2115 ἠδυνήθη

148 2128 240 2221 αὐτῷ
267 2136 460 2219 περιβαλεῖν
485 2129 507 2218 ἡ
534 2129 683 2218 φάλαγξ·
716 2129 772 2199 ἐπὶ
790 2129 877 2198 πολδ
905 2127 971 2217 γάρ
990 2127 1110 2216 ἐπέχον

147 2229 185 2299 τὸ
212 2245 322 2318 τεῖχος
347 2234 394 2321 τῷ
414 2231 630 2324 στρατοπέδῳ
647 2229 888 2301 κυκλώσασθαι
905 2226 945 2298 οά
965 2228 1110 2309 δυνατός

108 2357 134 2398 κο
152 2330 300 2417 ἐγένετο·
328 2328 411 2399 κατά
437 2331 475 2400 δέ
506 2332 547 2402 τά
574 2338 792 2402 διαλείποντα
818 2328 944 2416 αὐτοῦ,
970 2335 1028 2400 ’ίνα
1053 2331 1144 2399 καλε

148 2440 249 2520 λίμνη
281 2431 323 2500 ου’
357 2430 490 2519 μακράν
521 2437 583 2501 τοῦ
615 2440 747 2520 τείχους
780 2423 845 2518 ἦν,
878 2428 958 2512 τούς
992 2432 1111 2511 ίππέας

148 2533 307 2614 ἐπέταξεν
333 2530 371 2601 ἓν
393 2532 508 2624 κόκλφ
534 2538 594 2620 τῆς
612 2540 741 2621 λίμνης,
768 2530 873 2618 γνοός
898 2529 940 2600 οὐ
966 2543 1112 2625 βαθεῖαν

148 2625 256 2702 οὖσαν
290 2631 353 2720 τὴν
386 2640 509 2721 λίμνην
539 2635 597 2702 καὶ
629 2632 696 2721 ἅμα
730 2632 867 2713 εἰκάσας
893 2630 943 2701 ότι
972 2634 1111 2723 φοβεροὶ

146 2733 319 2822 γενόμενοι
344 2738 382 2803 οί
400 2731 502 2803 Ἰνδοὶ
528 2733 595 2803 άπὸ
620 2740 680 2821 της
705 2735 867 2824 προτέρας
893 2731 993 2823 ἣττης
1021 2734 1107 2804 ἀπο-

111 2861 137 2904 τε
149 2844 304 2917 λείψουσι
329 2839 388 2923 τῆς
413 2833 538 2916 νυκτός
555 2834 620 2923 την
636 2834 746 2906 πόλιν.
785 2837 844 2904 καὶ
861 2837 985 2926 ξυνέβη
1003 2833 1111 2915 οὕτως
1128 2851 1144 2901 5

149 2934 240 3018 ὅπως
258 2947 408 3006 εἴκασεν·
444 2935 532 3024 άμφλ
555 2937 620 3028 γάρ
639 2937 802 3027 δευτέραν
827 2937 984 3026 φυλακὴν
1013 2941 1110 3008 έκπί-

148 3065 287 3118 πτοντες
315 3040 351 3106 ἐκ
368 3041 428 3106 τοῦ
457 3046 587 3126 τείχους
605 3044 641 3108 οί
655 3038 773 3107 πολλοὶ
791 3036 905 3106 αὐτόν
924 3039 1111 3129 ένέκυρσαν

147 3154 220 3220 ταῖς
247 3147 482 3231 προφυλακαῖς
507 3145 576 3208 τόν
595 3141 737 3228 ίππέωυ,
762 3139 820 3206 καὶ
847 3144 883 3208 οί
905 3140 967 3228 μέν
985 3145 1111 3228 πρῶτοι

148 3239 265 3309 αὐτῶν
291 3239 523 3328 κατεκόπησαν
548 3239 633 3328 πρός
658 3244 727 3309 τῶν
756 3239 900 3309 ἱππέων·
938 3245 975 3310 οί
998 3240 1037 3310 δὲ
1056 3242 1111 3309 ἐπὶ

112 3367 137 3408 ιο
151 3341 281 3421 τοότοις
316 3340 513 3430 αἰσθόμενοι
545 3339 597 3410 ότι
630 3339 839 3429 φυλάσσεται
872 3344 909 3412 έν
943 3341 1058 3433 κόκλφ
1088 3338 1110 3428 ἡ

150 3448 250 3533 λίμνη
278 3444 311 3521 ἐς
337 3441 400 3527 τὴν
425 3442 525 3510 πόλιν
550 3433 650 3521 αὖθις
677 3441 902 3529 άνεχοόρησαν.

224 3541 442 3632 Ἀλέξανδρος
481 3541 520 3612 δὲ
556 3542 680 3630 χάρακί
709 3568 747 3612 τε
779 3545 887 3635 διπλῷ
921 3541 1144 3632 περιβάλλετο
