2664 3946
237 239 299 304 160
590 237 842 294 ΔΛΕΞΑΝΔΡΟΤ

235 405 455 488 τεκμηρίωσιν
485 404 621 486 τίθεμαι
653 392 698 477 ώς
730 396 809 468 ούτε
838 399 878 468 τδ
913 403 1008 488 σῶμα
1045 397 1111 494 ότφ
1144 411 1196 488 εἴη

234 499 416 589 καρτερόν,
454 497 533 568 οὔτε
565 498 653 580 ὅστις
679 501 766 585 γένει
793 499 973 588 ἐπιφανής,
1005 500 1086 572 ούτε
1110 503 1195 570 κατά

234 601 382 688 πόλεμον
407 607 440 670 εί
464 599 507 687 δή
539 626 588 680 τις
614 605 804 689 διευτυχοίη
832 608 879 670 ἔτι
903 607 1033 690 μᾶλλον
1058 599 1079 691 ἢ
1101 601 1195 674 Ἀλέ-

235 706 388 790 ξανδρος,
421 697 504 771 ούδὲ
530 709 563 772 εί
594 700 656 789 την
681 701 812 790 Λιβύην
837 730 886 783 τις
913 703 998 791 πρὸς
1023 706 1065 793 τῇ
1089 699 1194 795 Ἀσία,

234 804 389 891 καθάπερ
416 795 480 872 ούν
499 802 626 872 ἐπενόει
643 799 671 870 ἐι
685 817 781 890 ·ῖνος,
808 803 1069 892 ἐκπεριπλεύσας
1090 806 1221 874 κατά-ε

235 928 325 992 σχοι,
360 901 443 973 ούδλ
469 911 502 974 εί
524 903 586 992 τὴν
613 901 786 994 Εύρώπην
808 907 863 974 ἐπὶ
889 910 932 995 τῇ
955 905 1051 996 Ἀσίᾳ
1076 908 1194 976 τεκαὶ

233 1006 346 1095 Λιβύη
372 1013 499 1094 τρίτην,
525 1005 655 1074 τούτων
680 1001 784 1074 ούδέν
809 1033 840 1074 τι
871 1003 993 1094 ὄφελος
1019 1010 1053 1086 ἐς
1080 1003 1195 1076 εύδαι-

233 1114 355 1196 μονίαν
392 1105 596 1194 άνθρώπου,
637 1114 670 1177 εί
705 1106 750 1196 μὴ
786 1122 976 1194 σωφρονεῖν
1016 1111 1052 1177 ἐν
1083 1106 1194 1200 ταύτῷ

233 1203 377 1296 ύπάρχει
410 1209 520 1301 τούτφ
554 1213 602 1298 τῷ
636 1205 810 1300 άνθρώπφ
835 1211 882 1299 τῷ
909 1207 949 1276 τά
984 1209 1123 1297 μεγάλα,
1150 1207 1195 1292 ὥς

234 1316 337 1396 δοκεῖ,
372 1309 548 1400 πράγματα
575 1309 744 1396 πράξαντι.
1207 1337 1232 1378 ιε

197 1411 217 1476 8
297 1409 408 1482 Ἔνθα
426 1412 467 1498 δὴ
485 1411 541 1479 καὶ
558 1411 596 1479 τδ
611 1417 756 1480 Κλείτου
774 1413 835 1479 τοῦ
849 1417 1037 1500 Δρωπίδου
1054 1411 1194 1500 πάθημα

232 1513 289 1581 καὶ
316 1513 378 1600 τὴν
401 1511 624 1601 Ἀλεξάνδρου
652 1506 705 1580 ἐπ’
739 1510 831 1603 αύτῷ
860 1513 1054 1602 συμφοράν,
1081 1521 1113 1584 εί
1136 1515 1193 1582 καὶ

233 1613 350 1699 ὀλίγον
388 1612 532 1702 ὕστερον
573 1612 744 1702 ἐπράχθη,
784 1611 848 1682 ούκ
888 1614 950 1694 ἔξω
980 1617 1042 1682 τοῦ
1074 1620 1194 1702 καιροῦ

233 1714 455 1802 ἀφηγήσομαι.
521 1712 607 1784 εἶναι
646 1715 708 1802 μὲν
745 1714 811 1802 γάρ
842 1712 970 1802 ἡμέραν
1007 1713 1101 1808 ίεράν
1133 1717 1193 1784 τοῦ

234 1817 408 1886 Διονύσου
435 1815 610 1884 Μακεδόσι
641 1817 698 1884 καὶ
730 1817 829 1884 θύειν
856 1816 1016 1908 Διονύσῳ
1048 1813 1112 1885 ὅσα
1137 1821 1193 1905 ἔτη
1208 1843 1234 1882 ιε

199 1921 271 1986 κέν
306 1914 395 2006 αύτῇ
419 1910 655 2005 Ἀλέξανδρον·
692 1916 755 1986 τόν
781 1916 819 1985 δὲ
843 1923 904 1985 τοῦ
932 1916 1106 1988 Διονύσου
1132 1917 1194 2005 μδν

233 2021 271 2086 ἐν
307 2019 355 2110 τῷ
393 2018 466 2087 τότε
504 2015 666 2106 άμελῆσαι
706 2018 859 2104 λέγουσι,
898 2018 1123 2104 Διοσκούροιν
1156 2017 1195 2087 δὲ

232 2120 346 2209 θῦσαι,
375 2121 408 2199 ἐξ
435 2116 515 2188 ὅπου
543 2123 584 2206 δὴ
608 2118 860 2206 ἐπιφρασθέντα
876 2134 950 2188 τοῖν
969 2120 1194 2204 Διοσκούροιν

232 2221 294 2306 τὴν
319 2227 464 2288 θυσίαν·
498 2221 613 2310 πόρρω
639 2219 677 2288 δὲ
702 2221 764 2288 τοῦ
792 2219 897 2287 πότου
916 2221 1095 2307 προῖόντος
1121 2217 1194 2308 (καὶ

232 2321 298 2410 γάρ
337 2323 393 2390 καὶ
431 2319 472 2390 τά
504 2326 574 2390 τών
613 2319 727 2388 πότων
751 2317 816 2408 ἤδη
845 2318 1055 2413 Ἀλεξάνδρφ
1090 2325 1123 2402 ἐς
1156 2321 1233 2390 τδεο

232 2422 523 2513 βαρβαρικώτερον
548 2420 796 2511 νενεωτέριστο)
814 2417 884 2490 ἀλλ’
914 2428 951 2490 ἒν
977 2449 1016 2509 γε
1037 2425 1083 2513 τῷ
1102 2421 1193 2514 πότῳ

231 2527 306 2595 τότε
344 2524 433 2612 ύπὲρ
471 2538 545 2592 τοῖν
585 2523 809 2609 Διοσκούροιν
844 2523 967 2610 λόγους
1005 2530 1193 2610 γίγνεσθαι,

232 2624 323 2708 ὅπως
351 2629 384 2705 ἐς
407 2633 478 2696 Δία
504 2623 675 2713 ἀνηνέχθη
702 2623 822 2692 αύτοῖν
848 2623 869 2711 ἡ
896 2627 1024 2710 γένεσις
1050 2623 1193 2714 άφαιρε-
1312 2695 1313 2704 ,

199 2745 214 2794 3
232 2740 331 2797 θεῖσα
356 2726 547 2812 Τυνδάρεω.
575 2735 635 2795 καί
649 2752 742 2805 τινας
758 2731 828 2792 τών
846 2724 1023 2811 παρόντων
1036 2733 1195 2818 κολακεία
1312 2771 1313 2820 3

232 2834 272 2918 τῇ
299 2823 534 2915 Ἀλεξάνδρου,
561 2823 625 2896 οἷοι
650 2826 692 2911 δὴ
719 2825 839 2914 ἅνδρες
865 2827 1061 2914 διέφθειράν
1085 2854 1122 2897 τε
1138 2826 1193 2898 ἀεὶ
1207 2855 1233 2896 ετ

233 2931 288 2999 καὶ
324 2927 446 2998 ούποτε
484 2927 670 2997 παύσονται
708 2931 931 3015 ἐπιτρίβοντες
968 2928 1009 2996 τὰ
1040 2931 1109 2996 τών
1140 2929 1192 2998 ἀεὶ
1312 2955 1313 3028 j

232 3033 398 3117 βασιλέοιν
425 3029 615 3118 πράγματα,
641 3027 713 3096 κατ’
733 3027 836 3096 οὐδὲν
854 3028 971 3109 άξιούυ
989 3031 1194 3118 συμβάλλειν

229 3131 438 3222 Ἀλεξάνδρςο
477 3157 513 3200 τε
545 3131 602 3198 καὶ
635 3145 706 3208 τοῖς
734 3128 954 3218 Ἀλεξάνδρου
992 3138 1100 3218 ἔργοις
1132 3131 1194 3200 τόν

232 3233 457 3320 Πολυδεύκην
488 3233 546 3300 καί
577 3230 637 3300 τὸν
670 3229 835 3319 Κάστορα.
888 3235 925 3300 οί
954 3229 992 3299 δὲ
1023 3231 1106 3300 οὐδὲ
1131 3235 1191 3302 τού

229 3335 431 3421 Ἡρακλέους
452 3331 630 3420 ἀπείχοντο
653 3335 689 3402 ἐν
708 3337 757 3424 τῷ
776 3332 884 3424 πότῳ·
913 3327 998 3400 άλλδι
1017 3333 1078 3402 τὸν
1097 3335 1188 3423 φθό-
1203 3360 1232 3402 ιο

232 3464 294 3505 νον
320 3434 384 3523 γάρ
413 3435 569 3522 ἐμποδών
595 3438 751 3503 ἵστασθαι
773 3447 844 3512 τοῖς
860 3438 938 3516 ζώσι
955 3433 993 3502 τδ
1011 3434 1056 3522 μὴ
1074 3433 1115 3504 ού
1133 3434 1196 3515 τάς

232 3543 364 3618 δικαίας
389 3535 487 3626 τιμάς
513 3532 630 3616 αὐτοῖς
657 3539 693 3604 ἐκ
719 3537 788 3602 τῶν
814 3535 987 3615 ξυνόντων
1005 3543 1192 3623 γίγνεσθαι.
