2650 3948
488 234 672 286 Ααεοεεεκ
691 239 715 302 ι,
733 238 775 288 τι.
1064 237 1106 301 41

229 369 279 444 013
297 381 437 456 πολλαῖς
451 375 489 444 δέ
505 373 644 464 ἡμέραις
661 373 805 465 ὕστερον
822 375 886 448 δύο
903 379 971 446 τοῖν
986 387 1153 454 Maus-21

148 473 260 544 δόνων
277 472 409 546 ὁπλῖται
427 478 463 544 ἐκ
479 483 539 564 τῆς
553 481 746 566 Περδίκκου
761 477 882 561 τάξεως
896 481 1107 568 ξυσκηνοῦν-

147 577 202 657 τές
224 602 260 646 τε
284 577 340 646 καὶ
358 577 426 666 ἅμα
450 578 670 667 ξυμπίνοντες
696 571 803 648 αότόν
820 606 856 648 τε
873 580 929 648 καὶ
942 577 983 649 τά
1000 578 1106 650 αύτού

149 675 300 766 ἑκάτερος
319 679 374 748 έπὶ
386 679 471 766 μέγα
488 683 535 772 τῷ
553 679 643 772 λόγῳ
658 671 751 767 ἦγεν.
770 685 856 750 ἔνθα
879 679 920 769 δὴ
939 689 1107 770 φιλοτιμία

109 805 122 846 ε
147 806 183 848 τε
202 781 352 849 ἐσπίπτει
366 777 491 868 αὐτοῖς,
509 787 569 849 καί
583 782 686 850 τεκαὶ
703 775 720 850 ό
739 780 829 862 οίνος
845 778 1105 871 ὑπεθέρμαινεν,

149 875 234 950 εόστε
251 878 465 970 ὁπλισάμενοι
488 879 584 950 αὐτοὶ
602 884 656 951 ἐπὶ
681 887 779 970 σφῶν
796 882 1044 973 προσβάλλουσι
1059 889 1107 976 τῷ

147 989 248 1070 τείχει
270 980 353 1052 κατά
379 981 441 1072 τὴν
467 979 575 1071 άκραν
597 980 659 1070 τὴν
684 982 768 1072 πρός
793 983 942 1054 Μύλασα
964 984 1107 1073 μάλιστα

147 1086 392 1172 τετραμμένην,
420 1081 465 1164 ὥς
483 1086 639 1167 ἐπίδειξιν
656 1087 714 1171 τῆς
732 1089 829 1173 σφων
847 1084 959 1174 ῥύμης
976 1083 1107 1175 μᾶλλόν

147 1211 178 1254 τι
211 1180 246 1272 ἢ
268 1183 353 1274 πρός
383 1192 562 1274 πολεμίους
591 1183 672 1276 μετά
707 1184 871 1256 κινδύνου
900 1184 961 1256 τόν
992 1185 1107 1273 ἀγῶνα

111 1314 135 1354 ιο
149 1284 370 1374 ποιησόμενοι.
406 1287 461 1356 καὶ
484 1287 625 1367 τούτους
650 1285 840 1368 κατιδόντες
862 1287 950 1368 τινὲς
975 1291 1044 1358 τῶν
1071 1291 1140 1358 έκκ

147 1391 205 1475 της
224 1387 351 1468 πόλεως
370 1387 432 1457 δύο
449 1414 485 1457 τε
503 1387 603 1468 ὄντας
620 1389 676 1456 καὶ
693 1386 734 1458 ού
752 1387 816 1470 ξύν
833 1394 981 1480 λογισμῷ
999 1412 1106 1479 προσ-

148 1491 356 1578 φερομένους
379 1493 428 1582 τῷ
449 1496 547 1577 τείχει
572 1490 798 1560 ἐπεκθέουσιν.
840 1494 876 1558 οί
897 1489 935 1560 δὲ
952 1487 1032 1572 τούς
1043 1491 1107 1578 μὲν

150 1588 252 1676 ἐγγύς
265 1589 473 1671 πελάσαντας
491 1587 699 1678 ἀπέκτειναν,
717 1589 802 1679 πρός
815 1590 853 1661 δὲ
865 1589 946 1671 τούς
959 1587 1106 1680 άφεστη-

148 1690 247 1772 κότας
266 1689 534 1781 ἠκροβολίζοντο,
558 1690 854 1781 πλεονεκτούμενοι
870 1697 916 1785 τῷ
933 1719 969 1762 τε
986 1691 1108 1780 πλήθει

111 1817 136 1860 ιε
149 1793 206 1861 καὶ
229 1798 291 1862 τού
314 1799 439 1881 χωρίον
463 1797 505 1883 τῇ
532 1791 746 1881 χαλεπότητι,
774 1791 825 1862 ότι
849 1795 882 1876 ἐξ
905 1790 1106 1884 ὑπερδεξίου

149 1908 219 1974 τοῖς
242 1900 410 1983 πολεμίοις
435 1891 456 1982 ἡ
484 1895 642 1984 ἐπιδρομή
672 1921 708 1963 τε
737 1893 793 1962 καὶ
822 1891 840 1964 ό
867 1891 1108 1983 ἀκροβολισμός

150 1998 311 2082 ἐγίγνετο.
342 1995 400 2064 καὶ
418 1995 578 2089 ἐντούτῳ
597 1993 820 2066 ἀντεκθέουσί
834 2023 922 2076 τινες
939 1997 996 2064 καὶ
1013 1994 1108 2065 ἄλλοι
1124 2010 1142 2054 ³

148 2104 217 2166 τῶν
233 2100 294 2166 τοῦ
312 2101 503 2186 Περδίκκου
521 2102 749 2184 στρατιωτῶν,
776 2097 833 2165 καὶ
857 2091 923 2165 άπὸ
946 2104 1006 2185 τῆς
1020 2095 1107 2166 ‘Au-

148 2203 342 2288 καρνασσού
359 2195 454 2268 ἄλλοι
474 2198 530 2266 καὶ
549 2200 728 2286 ξυμπίπτει
750 2196 838 2285 μάχη
856 2195 998 2286 καρτερά
1022 2197 1107 2286 πρός

109 2326 136 2370 ω
148 2305 196 2392 τῷ
214 2305 333 2388 τείχει·
351 2299 408 2368 καὶ
425 2306 673 2369 κατακλείονται
690 2290 792 2378 αὖθις
809 2296 893 2388 πρός
905 2304 974 2369 τῶν
988 2309 1105 2370 Μακε-

149 2399 262 2470 δόνων
288 2411 369 2470 είσω
398 2405 467 2470 τῶν
499 2404 616 2470 πυλῶν
648 2403 685 2470 οί
715 2399 987 2487 ἐπεκδραμόντες.
1030 2397 1142 2484 παρίλ

149 2500 265 2588 ὀλίγον
297 2502 335 2571 δέ
363 2493 448 2588 ἦλθε
479 2503 537 2570 καὶ
559 2498 688 2570 άλιόναι
716 2497 737 2588 ἡ
762 2499 869 2580 πόλις.
911 2499 953 2568 τά
977 2527 1014 2570 τε
1043 2499 1108 2589 γάρ

148 2609 240 2691 τείχη
265 2605 302 2672 ίν
325 2609 373 2696 τῷ
397 2602 471 2672 τότε
494 2599 559 2672 οόκ
589 2604 626 2671 έν
652 2599 784 2690 άκριβεί
807 2605 943 2692 φυλακῇ
975 2593 1019 2688 ἦν
1051 2602 1108 2670 καὶ

149 2703 213 2773 δύο
230 2703 354 2793 πύργοι
375 2703 432 2772 καὶ
454 2701 681 2793 μεσοπύργιον
699 2705 732 2782 ές
750 2707 873 2791 ἔδαφος
890 2727 1107 2772 καταπεπτω-

108 2829 136 2872 ετ
149 2803 231 2874 κότα
247 2803 289 2874 ού
307 2803 455 2892 χαλεπὴν
472 2801 515 2873 διν
532 2810 578 2896 τῷ
596 2802 827 2892 στρατεύματι,
846 2810 877 2874 εί
892 2802 983 2873 άπαν
1002 2830 1107 2891 προς-

147 2905 255 2993 ηψατο
272 2911 334 2976 τού
352 2913 466 2995 ἔργον,
483 2905 544 2993 την
563 2907 597 2986 ἐς
614 2904 652 2974 τό
665 2919 772 2993 τεῖχος
789 2904 939 2996 πάροδον
952 2907 1107 2994 παρέσχε.

148 3004 248 3076 καλό
277 3013 388 3097 τρίτος
416 3006 544 3094 πύργος
576 3007 869 3094 κατασεσεισμένος
902 3003 984 3076 ον’δὲ
1010 2999 1108 3087 οὗτος

147 3113 299 3197 χαλεπῶς
317 3105 361 3177 δν
377 3106 526 3198 ἠρείφθη
538 3104 830 3197 ὑπορυσσόμενος·
849 3105 933 3178 άλλά
951 3113 1108 3196 ἔφθησαν

25 3228 30 3246 “
147 3208 213 3298 γάρ
231 3205 307 3280 άντλ
324 3215 386 3278 τού
404 3207 613 3288 πεπτωκότος
631 3214 761 3296 τείχους
780 3213 909 3278 ἔσωθεν
925 3214 1115 3278 πλίνθινον·

108 3337 134 3380 ιο
147 3310 320 3399 μηνοειδὲς
329 3307 687 3398 ἀντοικοδομησάμενοι
700 3306 740 3377 ού
755 3314 907 3397 χαλεποῖς
920 3306 990 3379 ὑπό
1004 3321 1106 3378 πολο-

147 3418 285 3502 χειρίας.

223 3513 292 3584 Καὶ
304 3511 412 3606 τούτφ
432 3515 533 3600 ἐπῆγε
550 3516 591 3602 τῇ
605 3508 766 3603 ὑστεραία
782 3511 841 3592 τάς
858 3509 1008 3602 μηχανάς
1019 3508 1105 3580 Ἀλέ-
1122 3520 1140 3571 ⁵
