2650 3948
462 278 647 334 εαεεεειε
666 283 688 344 1,
709 284 749 332 ιε.
1055 279 1097 344 37

132 418 267 508 λιμένος
292 417 379 508 πρός
403 420 473 488 τών
498 425 656 510 τριηρῶν·
686 425 722 489 οί
745 419 784 489 δὲ
810 419 927 490 πολλοὶ
952 417 990 490 ἓν
1007 418 1096 511 αύτή

132 526 177 611 πή
196 519 290 590 πόλει
307 519 516 591 άπώλλυντο.

209 616 427 712 Ἀλέξανδρος
458 621 497 692 δὲ
528 616 687 712 ἐχομένης
717 621 782 711 ἤδη
805 629 863 710 τῆς
887 622 1016 704 πόλεως
1039 619 1130 693 ε’πλε

133 721 217 804 τούς
242 721 277 804 ές
300 720 362 811 τήν
387 729 494 811 νῆσον
516 723 811 813 καταπεφευγότας
829 723 966 794 ἐπέπλει
983 720 1096 812 αύτός,

106 852 120 893 ε
134 831 300 914 κλίμακας
313 826 428 912 φέρειν
442 822 497 896 ἐπὶ
514 825 573 906 τάς
587 824 722 914 πρώρας
739 831 808 894 τών
821 831 967 915 τριηρῶν
979 825 1097 895 κελεύ-

135 947 210 1012 σας,
230 919 276 1006 ώς
293 924 376 995 κατά
393 923 434 994 τά
453 922 603 1014 ἀπότομα
619 929 677 1014 τῆς
704 926 825 1015 νήσου,
842 924 997 1016 καθάπερ
1015 927 1098 1012 πρός

134 1043 261 1116 τεῖχος,
281 1025 318 1096 ἐκ
334 1033 404 1096 τών
419 1033 510 1096 νεών
526 1027 588 1116 τήν
606 1025 773 1115 άπόβασιν
790 1027 1017 1116 ποιησόμενος.
1053 1022 1098 1110 ώς
1116 1043 1132 1092 6

135 1129 176 1198 δε
194 1127 463 1198 διακινδυνεύειν
477 1127 657 1209 ἐθέλοντας
675 1127 754 1210 τούς
772 1126 811 1198 ἓν
827 1134 869 1218 τῇ
887 1129 980 1223 νήσῳ
999 1129 1097 1219 ἑώρα,
1138 1138 1142 1146 “

136 1229 247 1310 οἶκτος
265 1229 427 1318 λαμβάνει
444 1227 549 1300 αύτδυ
566 1234 635 1299 τών
653 1227 808 1319 άνδρών,
829 1229 879 1298 ότι
895 1239 1050 1317 γενναῖοί
1064 1259 1100 1302 τε

98 1360 123 1400 ιο
136 1331 195 1400 καὶ
212 1330 324 1400 πιστοὶ
340 1329 431 1423 αύτῷ
451 1329 640 1420 ἐφαίνοντο,
662 1333 718 1401 καὶ
736 1331 913 1401 σπένδεται
931 1331 1015 1420 πρός
1032 1330 1100 1401 αύ-

135 1430 218 1513 τούς
249 1429 305 1503 ἐπὶ
334 1437 422 1525 τῷδε
453 1429 498 1513 ώς
529 1431 622 1526 αύτῷ
652 1431 902 1524 ξυστρατεύειν·
945 1425 1032 1520 ἦσαν
1062 1433 1100 1502 δλ

136 1527 235 1603 οὗτοι
258 1533 460 1622 μισθοφόροι
474 1533 633 1622 Ἕλληνες
657 1533 693 1615 ἐς
715 1541 937 1623 τριακοσίους.
974 1531 1100 1614 αύτούς

137 1634 177 1704 δδ
195 1641 404 1725 Μιλησίους,
427 1633 500 1704 ὅσοι
516 1634 562 1724 μή
580 1633 619 1706 ἐν
636 1640 679 1726 ιη’
696 1635 878 1724 καταλήψει
894 1640 953 1722 τῆς
972 1634 1100 1716 πόλεως

137 1744 270 1824 ἔπεσον,
291 1734 399 1824 άῳήκε
415 1737 473 1805 καὶ
490 1733 692 1825 ἐλευθέρους
710 1735 797 1806 εἶναι
815 1741 951 1806 ἔδωκεν.

101 1860 126 1906 ιε
218 1841 265 1908 Οί
275 1837 313 1906 δδ
325 1843 488 1927 βάρβαροι
497 1835 564 1907 άπό
577 1843 635 1926 τῆς
649 1837 814 1926 Μυκάλης
827 1834 1015 1927 ὁρμώμενοι
1027 1853 1099 1919 ταίς
1117 1853 1133 1903 7

138 1937 203 2028 μὲν
219 1936 355 2028 ἡμέραις
374 1939 534 2008 ἐπέπλεον
546 1945 593 2032 τῳ
602 1937 781 2030 Ἑλληνικῷ
794 1946 954 2032 ναυτικῷ,
972 1966 1098 2029 προκα-

140 2041 302 2109 λέσασθαι
329 2042 362 2120 ές
387 2047 579 2130 ναυμαχίαν
605 2043 803 2124 έλπιζοντες·
837 2038 896 2121 τάς
920 2041 958 2110 δὲ
975 2041 1100 2122 νύκτας

140 2140 226 2230 πρός
243 2147 284 2232 τῇ
298 2141 447 2232 Μυκάλῃ
461 2137 525 2211 ούκ
540 2144 576 2210 έν
589 2147 680 2233 καλῳ
696 2135 888 2231 ώρμίζοντο,
908 2141 959 2211 ότι
971 2141 1100 2232 ύδρεύ·

122 2252 239 2326 Ιεσθαι
265 2241 331 2312 άπὸ
358 2249 420 2312 τού
444 2242 797 2332 Μαιάνδρουποταμοῦ
840 2250 908 2311 τών
953 2246 1101 2331 ἐκβολῶν

104 2371 130 2414 ιο
144 2343 199 2412 διά
221 2349 353 2433 μακροῦ
379 2341 611 2432 ἠναγκάζοντο.
639 2345 857 2433 Ἀλέξανδρος
883 2343 922 2412 δὲ
947 2360 1021 2425 ταῖς
1037 2344 1135 2431 μένε

141 2445 245 2514 ναυσὶ
266 2443 327 2516 τόν
350 2445 465 2534 λιμένα
493 2444 656 2533 ἐφύλαττε
681 2449 750 2513 τών
769 2453 964 2532 Μιλησίων,
993 2440 1038 2526 ώς
1054 2445 1100 2534 μή

141 2545 311 2632 βιάσαιντο
329 2551 364 2616 οί
378 2543 542 2635 βάρβαροι
557 2545 618 2616 τόν
636 2552 801 2634 ἔσπλουν,
830 2547 987 2634 ἐκπέμπει
1006 2544 1039 2616 δ’
1066 2550 1101 2627 ές

141 2646 204 2735 τήν
221 2646 389 2736 Μυκάλην
415 2647 586 2734 Φιλώταν,
600 2645 738 2745 ιάγοντα
755 2645 835 2727 τούς
851 2673 888 2716 τε
907 2648 1027 2729 ἱππέας
1043 2649 1101 2716 καὶ

142 2753 210 2817 τών
239 2754 345 2832 πεζόν
374 2749 478 2832 τάξεις
507 2741 615 2838 τρεῖς,
643 2756 869 2837 παραγγείλας
897 2760 1020 2835 είργειν
1043 2754 1102 2837 τῆς

107 2845 338 2936 εεάποβάσεως
363 2848 442 2929 τούς
465 2847 532 2919 άπδ
556 2857 626 2918 τών
648 2856 746 2919 νεών.
781 2854 818 2919 οί
840 2850 889 2936 δέ,
915 2849 1039 2930 ὕδατός
1064 2876 1102 2918 τε

143 3050 416 3142 πολιορκούμενοι
433 3054 470 3122 ἐν
487 3066 560 3133 ταῖς
577 3059 720 3140 ναυσίν,
740 3054 774 3133 ές
794 3051 912 3140 Σάμον
930 3049 1101 3122 άπέπλευ-

144 3171 221 3221 σαν·
250 3155 381 3222 ἐκεῖθεν
407 3153 445 3222 δέ
469 3153 723 3241 ἐπισιτισάμενοι
746 3146 847 3233 αὖθις
872 3154 1035 3223 έπέπλεον
1058 3159 1102 3243 τή

145 3253 293 3348 Μιλήτῳ.
334 3255 392 3322 καί
413 3253 473 3334 τάς
497 3253 561 3342 μέν
583 3254 803 3335 πολλάςτών
828 3258 917 3323 νεών
949 3253 1014 3342 πρδ
1038 3260 1136 3324 τούε

109 3355 274 3442 εολιμένος
293 3356 330 3422 έν
346 3354 503 3448 μετεώρῳ
525 3357 732 3444 παρέταξαν,
755 3365 790 3426 εί
802 3380 848 3442 πη
867 3356 1102 3424 έκκαλέσαιντο

146 3457 177 3534 ές
201 3454 239 3524 τό
265 3457 408 3542 πέλαγος
433 3455 513 3536 τούς
540 3455 756 3536 Μακεδόνας·
792 3458 892 3525 πέντε
922 3456 960 3527 δὲ
986 3453 1102 3524 αύτών

146 3555 363 3626 εἰσέπλευσαν
394 3563 443 3639 είς
466 3556 527 3627 τόν
550 3556 672 3647 μεταξύ
705 3563 765 3646 τῆς
796 3583 832 3626 τε
855 3555 969 3645 Λάδης
991 3555 1100 3645 νήσου
