2590 3948
440 226 624 278 ιοιοεειε
642 230 668 290 τ,
687 230 728 281 ιο.
1030 225 1093 292 303

132 391 285 473 πολλαχῆ
310 384 366 453 καί
392 383 503 466 ξάλοις
530 382 707 470 παιόμενος
733 377 821 471 ὑπὲρ
847 381 946 472 ὑμῶν
962 384 1095 472 καὶτῆς

131 484 293 573 ὑμετέρας
311 484 409 573 δόξης
427 486 485 554 καὶ
502 487 563 554 τοὺ
580 482 745 572 ὑμετέρου
764 481 912 555 πλοότου
931 490 1095 565 νικῶντας

132 587 222 675 ὑμᾶς
248 586 318 672 ἀγω
337 586 391 654 διά
410 586 518 674 πάσης
535 591 597 673 γῆς
615 588 674 654 καὶ
692 585 866 674 θαλάσσης
883 587 941 655 καλ
958 587 1095 656 πάντων

133 693 292 776 ποταμῶν
318 688 375 756 καὶ
393 685 485 775 ὀροῖν
503 689 559 756 καὶ
578 693 706 756 πεδίοιν
724 685 873 757 πάντων.
913 688 1041 776 γάμους
1060 714 1095 756 τε
1112 701 1128 750 3

105 787 217 878 ῡὺμῖν
242 787 324 868 τοὺς
350 787 477 869 αὑτοὺς
502 788 674 876 γεγάμηκα
700 789 757 857 καὶ
783 792 919 858 πολλάν
944 787 1043 877 ὑμῶν
1062 794 1099 858 οί

132 896 250 970 παῖδες
277 904 452 976 συγγενεῖς
475 895 605 960 ἔσονται
623 904 692 968 τοῖς
710 892 804 960 παισλ
822 905 891 970 τοῖς
911 893 1010 978 ἐμοῖς.
1048 896 1096 960 ἔτι

132 991 170 1060 δὲ
189 982 214 1084 ᾧ
234 992 315 1080 χρέα
327 981 383 1079 ἦν,
401 987 442 1060 οό
457 989 785 1079 πολυπραγμονήσας
801 990 855 1079 ἐφ’
871 988 938 1084 ὅτῳ
952 991 1095 1078 ἐγένετο,

131 1097 278 1162 τοσαῦτα
304 1091 367 1180 μὲν
392 1091 713 1180 μισθοφορούντων,
746 1098 894 1162 τοσαὺτα
920 1091 959 1162 δὲ
984 1089 1095 1182 ἀρπα-

131 1193 267 1281 ἰόντων,
286 1193 386 1262 ὁπότε
401 1197 437 1262 ἐκ
450 1200 643 1281 πολιορκίας
656 1193 791 1281 ἁρπαγὴ
804 1199 963 1280 γίγνοιτο,
981 1194 1090 1263 διαλέ-

93 1310 118 1350 1⁰
132 1303 234 1382 λυμαι
265 1300 382 1364 ταῦτα.
438 1294 598 1382 στέφανοί
626 1320 662 1363 τε
687 1308 810 1382 χρυσοῖ
833 1308 903 1374 τοῖς
929 1301 1095 1374 πλείστοις

131 1395 231 1482 ὑμῶν
257 1403 321 1466 είσι
346 1409 490 1484 μνημεῖα
518 1400 576 1482 τῆς
593 1422 630 1464 τε
647 1392 767 1484 ἀρετῆς
784 1400 841 1482 τῆς
857 1395 1021 1483 ὑμετέρας
1039 1397 1095 1464 καί

131 1503 189 1584 της
217 1497 249 1578 ἐξ
278 1500 362 1584 ε’μοὺ
387 1500 481 1584 τιμῆς
500 1495 664 1566 ἀθάνατα.
709 1493 798 1578 ὅστις
816 1496 855 1566 δὲ
872 1495 914 1584 δὴ
932 1499 988 1566 καὶ
1009 1495 1093 1565 ἀπέ-
1113 1500 1129 1548 4
1152 1575 1154 1579 ¹

130 1607 250 1682 θανεν,
279 1597 416 1684 εὐκλεὴς
442 1597 504 1684 μὲν
522 1597 616 1689 αὐτῷ
634 1596 655 1685 ἡ
672 1596 807 1684 τελευτὴ
828 1597 971 1686 ἐγένετο,
998 1622 1096 1686 περι-

132 1697 241 1786 φανὴς
256 1699 293 1767 δὲ
307 1697 324 1768 ὁ
338 1698 455 1787 τάφος,
473 1707 597 1786 χαλκαῖ
608 1699 646 1768 δὲ
656 1703 694 1768 αί
705 1699 835 1778 εἰκόνες
847 1700 916 1767 τῶν
929 1703 1096 1767 πλείστων

95 1810 218 1869 15οῖ’κοι
237 1801 382 1888 ἑστᾶσιν,
407 1805 444 1869 οί
459 1814 571 1887 γονεῖς
589 1799 621 1867 δ’
650 1806 778 1887 ἔντιμοί
792 1805 868 1885 είσι,
887 1804 1096 1887 λειτουργίας

131 1929 167 1971 τε
193 1901 367 1989 ξυμπάσης
392 1903 449 1970 καὶ
476 1906 635 1990 είσφοράς
662 1900 925 1988 ἀπηλλαγμένοι·
968 1897 1010 1970 οὑ
1029 1903 1095 1989 γάρ

34 2084 37 2090 1
131 2010 183 2083 τίς
208 2029 247 2087 γε
275 2002 415 2090 φεύγων
440 2001 540 2090 ὑμοὺν
569 2002 722 2071 ἐτελεότα
749 2004 832 2089 ἐμοῦ
858 2000 1010 2087 ἀγοντος.

208 2104 276 2172 Καὶ
302 2109 369 2174 νῦν
393 2104 473 2184 τοὺς
499 2101 689 2192 ἀπολέμους
714 2100 813 2190 ὑμῶν
835 2101 1000 2191 ζηλωτοὺς
1025 2111 1129 2183 τοῖς5

132 2215 216 2274 οίκοι
236 2203 445 2293 ἀποπέμψειν
466 2211 619 2293 ἔμελλον·
644 2203 719 2274 ἀλλ’
736 2203 848 2290 ἐπειδὴ
863 2204 984 2284 πάντες
998 2201 1096 2274 ἀπιέ-

93 2323 119 2361 20
132 2334 188 2374 ναι
215 2307 392 2393 βούλεσθε,
410 2304 506 2375 ἀπιτε
531 2305 688 2390 ἅπαντες,
716 2307 772 2374 καὶ
791 2302 995 2384 ἀπελθόντες
1013 2297 1099 2376 οίκοι

132 2401 358 2493 ἀπαγγείλατε
390 2405 440 2476 ὅτι
472 2405 533 2476 τόν
565 2407 703 2494 βασιλέα
734 2405 832 2493 ὑμῶν
862 2403 1095 2496 Ἀλέξανδρον,

131 2512 276 2576 νικοῑντα
294 2508 356 2596 μὲν
374 2508 509 2596 Πέρσας
526 2509 582 2575 καὶ
601 2506 744 2592 Μήδους
762 2507 818 2574 καὶ
835 2513 1021 2595 Βακτρίους
1038 2509 1094 2578 καὶ

134 2604 263 2695 Σάκας,
289 2607 606 2696 καταστρεψάμενον
632 2608 670 2676 δὲ
691 2606 838 2688 Οάξίους
864 2635 899 2676 τε
925 2609 981 2677 καὶ
996 2607 1130 2698 Ἆρα-6

132 2708 261 2797 χωτοὺς
275 2711 333 2778 καλ
347 2709 519 2797 Δράγγας,
534 2709 735 2795 κεκτημένον
749 2709 787 2778 δὲ
800 2710 857 2778 καὶ
871 2716 1095 2798 Παρθυαίους

91 2811 189 2878 τεκαὶ
209 2817 431 2901 Χορασμίους
458 2810 514 2879 καὶ
538 2809 732 2897 Ὑρκανίους
760 2817 832 2880 ἔστε
859 2811 914 2879 ἐπὶ
939 2809 1001 2898 τὴν
1025 2810 1094 2880 θά-

132 2920 262 2981 λασσαν
287 2910 349 3000 τὴν
367 2919 538 2998 Κασπίαν,
564 2905 760 3001 ὑπερβάντα
777 2911 815 2980 δὲ
832 2909 893 2980 τόν
911 2912 1095 2983 Καόκασον

131 3011 220 3100 ὑπὲρ
237 3011 296 3094 τάς
323 3021 479 3094 Κασπίας
505 3012 626 3100 πόλος,
652 3016 710 3082 καί
736 3011 928 3102 περάσαντα
941 3005 1041 3095 Ὠξόν
1059 3041 1096 3084 τε

131 3115 281 3202 ποταμὸν
307 3117 363 3184 καί
396 3111 534 3201 Τάναῖν,
568 3120 616 3184 ἔτι
642 3113 681 3184 δὲ
706 3113 766 3184 τὸν
790 3113 899 3184 Ἰνδόν
932 3115 1094 3204 ποταμόν,

131 3210 248 3284 οόδενλ
276 3214 369 3308 ἀλλῳ
396 3213 445 3284 ὅτι
468 3214 512 3303 μὴ
542 3211 704 3308 Διονάσφ
721 3215 924 3304 περαθέντα,
951 3218 1007 3285 καλ
1032 3215 1094 3285 τόν

89 3342 118 3383 ιο
129 3315 297 3404 Ὑδάσπην
320 3319 377 3386 καὶ
395 3317 455 3386 τὸν
470 3315 643 3406 Ἀκεσίνην
659 3319 717 3386 καὶ
734 3315 795 3386 τόν
809 3316 1009 3406 Ὑδραώτην,
1035 3321 1092 3386 καί
1111 3329 1128 3378 7

130 3416 190 3486 τὸν
212 3414 355 3503 Ὕφασιν
381 3419 627 3507 διαπεράσαντα
653 3415 715 3506 ἀν,
749 3416 849 3507 εἰμὴ
875 3415 971 3504 ὑμεῖς
998 3417 1092 3488 ἀπω-

130 3514 286 3607 κνήσατε,
304 3519 360 3588 καὶ
379 3527 428 3602 είς
444 3519 506 3609 τὴν
522 3519 671 3611 μεγάλην
688 3518 866 3590 θάλασσαν
885 3513 959 3586 κατ’
978 3515 1092 3608 ἀμφό-
