2590 3948
234 223 299 291 304
572 220 823 283 λοεωονοεοτ

231 410 310 472 τερα
327 387 389 452 τού
403 380 514 452 Ἰνδού
531 381 573 452 τά
597 381 742 464 στόματα
761 373 959 471 ἐμβαλόντα,
985 383 1043 452 καὶ
1061 379 1119 452 διά
1137 384 1203 470 τῆς

233 491 429 574 Γαδρωσίας
443 489 501 571 τῆς
512 485 637 572 ἐρήμου
652 483 808 571 ἐλθόντα,
822 474 845 572 ᾗ
858 482 972 564 ούδείς
981 510 1033 552 πω
1042 484 1203 571 πρόσθεν

232 585 295 670 ξύν
312 591 451 676 στρατιᾷ
469 579 565 672 ἦλθε,
583 585 638 654 καί
653 593 854 673 Καρμανίαν
872 587 910 654 ἐν
928 585 1067 677 παρόδῳ
1085 607 1200 672 προσ-

231 686 438 775 κτησάμενον
456 689 513 755 καί
542 685 603 774 τὴν
617 682 774 776 Ὠρειτῶν
797 691 874 773 γῆν,
893 687 1201 772 περιπεπλευκότος

232 789 270 858 δέ
295 787 360 882 ἤδη
382 783 475 880 αύτῷ
499 790 560 857 τοῦ
585 791 748 857 ναυτικοῦ
764 784 826 873 τήν
843 783 904 854 ἀπ’
922 785 1038 856 Ἰνδῶν
1055 789 1119 874 γῆς
1147 795 1224 869 είςε

233 893 366 977 Πέρσας
401 888 595 976 θάλασσαν,
634 886 679 968 ὥς
717 893 765 968 είς
798 890 917 958 Σοῦσα
956 887 1199 976 ἐπανηγάγετε,

230 987 450 1070 ἀπολιπόντες
476 999 628 1078 οἴχεσθε,
660 987 865 1076 παραδόντες
903 989 1090 1076 φυλάσσειν·
1124 1004 1198 1070 τοῖς

230 1091 453 1180 νενικημένοις
469 1090 662 1180 βαρβάροις.
702 1095 807 1160 ταῦτα
824 1090 908 1178 ύμῖν
925 1091 982 1158 καὶ
999 1089 1084 1179 πρός
1102 1088 1198 1159 άνθ-

231 1193 354 1282 ρώπων
387 1202 467 1272 ίσως
499 1190 621 1262 εύκλεά
646 1194 703 1261 καλ
730 1190 816 1282 πρός
849 1196 941 1260 θεῶν
973 1190 1048 1261 ὅσια
1080 1191 1196 1280 δήπου

232 1299 322 1364 ἐσται
347 1292 612 1380 ἀπαγγελθέντα.
651 1293 754 1362 άπιτε.
1211 1327 1232 1367 10

184 1405 220 1468 ll
314 1400 426 1466 Ταῦτα
452 1394 557 1465 είπιδν
583 1395 791 1482 κατεπήδησέ
811 1420 846 1462 τε
872 1390 938 1462 άπό
966 1399 1027 1462 τοό
1045 1393 1197 1482 βήματος

230 1494 331 1578 όξέως
349 1496 406 1565 καὶ
425 1499 458 1576 ές
475 1494 516 1564 τά
534 1504 685 1582 βασίλεια
698 1493 878 1582 παρελθόν
891 1493 969 1564 οὔτε
984 1496 1198 1580 ἐθεράπευσε

230 1596 268 1666 τό
294 1603 391 1685 σῶμα
417 1595 494 1666 οὔτε
520 1623 568 1689 τςο
594 1595 694 1686 ὤφθη
719 1599 788 1666 τῶν
813 1598 969 1685 ἑταίρων·
1013 1594 1089 1665 ἀλλ’
1111 1595 1198 1667 οὐδὲ

231 1700 265 1778 ἐς
282 1696 344 1784 τὴν
368 1698 550 1786 ὑστεραίαν
569 1695 678 1785 ύφθη.
722 1703 763 1788 τῇ
780 1705 877 1787 τρίτη
895 1697 934 1766 δὲ
951 1699 1093 1778 καλέσας
1112 1709 1197 1769 είσω

230 1803 300 1867 τῶν
309 1804 454 1887 Περσῶν
466 1798 547 1879 τούς
561 1800 753 1878 ἐπιλέκτους
766 1799 825 1878 τάς
834 1825 868 1867 τε
882 1797 1061 1886 ἡγεμονίας
1075 1793 1196 1880 αύτοῑς
1211 1825 1231 1867 ιε

231 1903 301 1968 τῶν
326 1899 450 1981 τάξεων
476 1901 617 1988 διένειμε
643 1901 698 1968 καὶ
716 1897 818 1980 ὅσους
836 1914 1012 1986 συγγενεῖς
1029 1898 1197 1990 ἀπέφηνε,
1271 1901 1272 1942 ³

198 2019 213 2068 ε
231 1998 358 2080 τούτοις
383 1999 422 2068 δέ
438 1999 579 2088 νόμιμον
598 2005 731 2089 ἐποίησε
749 2009 861 2088 φιλεῖν
878 1999 985 2070 αότόν
1002 2001 1129 2087 μόνοις.
1163 2008 1200 2072 οἱ

231 2099 270 2172 δέ
283 2099 480 2181 Μακεδόνες
507 2107 545 2170 ἐν
569 2129 606 2172 τε
630 2107 676 2194 τῷ
694 2107 882 2191 παραυτίκα
900 2101 1108 2183 ἀκούσαντες
1127 2109 1198 2173 τῶν

207 2201 340 2288 ,λόγων
367 2202 630 2291 ἐκπεπληγμένοι
655 2207 734 2292 σιγῇ
753 2208 871 2289 έμενον
897 2201 1004 2272 αότοῦ
1031 2202 1119 2291 πρός
1147 2211 1197 2298 τῷ

230 2303 350 2393 βήματι
375 2299 462 2373 ούδέ
475 2332 524 2384 τις
541 2302 753 2392 ἠκολούθησε
768 2309 817 2396 τῷ
834 2311 966 2392 βασιλεῖ
980 2301 1197 2376 ἀπαλλαττο·
1210 2332 1231 2372 ιι

230 2405 320 2498 μένῳ
337 2404 387 2475 ότι
402 2403 449 2495 μὴ
466 2411 502 2474 οί
513 2403 598 2493 ἀμφ’
619 2404 722 2476 αὐτόν
737 2407 864 2494 ἑταῖροί
875 2431 910 2474 τε
922 2405 978 2474 καλ
992 2409 1027 2475 ολ
1037 2426 1199 2494 σωματο-
1269 2423 1270 2468 1

230 2504 394 2592 φύλακες·
422 2511 459 2576 οί
472 2507 511 2576 δὲ
528 2509 646 2576 πολλοὶ
663 2506 742 2576 ούτε
758 2507 913 2594 μένοντες
927 2505 945 2576 ό
958 2533 989 2575 τι
1002 2507 1199 2597 πράττωσιν

196 2601 251 2695 ιῆ
269 2608 410 2693 λέγωσιν
429 2605 532 2696 είχον,
550 2607 626 2678 οὔτε
643 2607 915 2678 ἀπαλλάσσεσθαι
932 2607 1064 2694 ἤθελον.
1094 2637 1144 2690 ος
1158 2612 1199 2680 δέ

230 2710 270 2776 τά
287 2712 430 2797 Περσῶν
446 2735 482 2777 τε
499 2709 556 2777 καί
570 2707 702 2796 Μήδων
719 2707 835 2790 αύτοῑς
854 2710 1079 2798 ἐξηγγέλλετο,
1102 2717 1146 2780 αί
1161 2739 1199 2782 τε

230 2806 405 2895 ἡγεμονίαι
423 2809 569 2898 Πέρσαις
596 2809 767 2897 διδόμεναι
790 2809 846 2878 καὶ
872 2810 892 2896 ἡ
912 2810 1047 2898 στρατιά
1065 2809 1087 2898 ἡ
1103 2818 1199 2900 βαρ·
1212 2845 1235 2884 ιε

231 2908 350 2996 βαρικὴ
383 2912 416 2990 ἐς
443 2909 563 2998 λόχους
588 2937 624 2979 τε
650 2911 895 3000 καταλεγομένη
921 2912 977 2981 καὶ
1002 2910 1042 2980 τά
1070 2921 1199 2983 Μακε-

232 3009 348 3079 δονικά
366 3009 515 3098 ὀνόματα
533 3009 645 3099 ἄγημά
662 3039 692 3081 τι
706 3011 875 3102 Περσικόν
892 3013 1116 3101 καλούμενον,
1137 3018 1200 3085 καὶ

231 3111 411 3201 πεζέταιροι
429 3114 556 3201 Πέρσαι
581 3113 637 3181 καὶ
654 3111 918 3203 ἀργυρασπίδων
935 3113 1023 3195 τάξις
1041 3114 1200 3206 Περσικὴ

231 3212 288 3282 καί
313 3210 334 3300 ἡ
361 3218 429 3282 τῶν
457 3215 597 3302 ἑταίρων
624 3218 739 3302 ἵππος,
765 3216 821 3284 καὶ
839 3215 961 3303 ταύτης
978 3214 1060 3284 ἄλλο
1078 3214 1202 3306 ἄγημα
1266 3227 1267 3261 ί

198 3329 215 3377 4
231 3313 415 3402 βασιλικόν,
430 3313 542 3384 ου’κέτι
556 3317 708 3405 καρτεροί
719 3319 817 3403 σφων
827 3309 926 3404 ἦσαν·
945 3314 1030 3385 ἀλλά
1041 3319 1200 3408 ξυνδρα-
1215 3355 1238 3396 ιι

232 3413 351 3500 μόντες
370 3407 416 3493 ως
434 3413 517 3502 πρός
534 3414 576 3483 τά
594 3423 747 3504 βασίλεια
763 3416 804 3486 τά
819 3417 881 3505 μέν
899 3415 985 3488 όπλα
998 3416 1106 3488 αύτοῦ
1126 3421 1200 3511 πρό
1265 3489 1266 3523 η

232 3517 302 3581 τόν
319 3518 439 3603 θυρεόν
459 3515 650 3604 ἐρρίπτουν,
669 3521 836 3607 ἱκετηρίας
847 3517 970 3600 ταύτας
984 3523 1030 3614 τῷ
1043 3526 1200 3608 βασιλεῖ·
