2650 3948
222 236 266 302 62
576 234 829 296 ΔΛΕΞΑΝΔΡΟΤ

220 374 437 468 Ἀγχίαλον
466 380 535 448 καὶ
562 376 724 466 Ταρσόν
754 380 796 446 ἐν
819 375 949 468 ἡμέρμ
972 385 1043 468 μιᾷ
1068 381 1180 448 ἐδεί-

223 509 335 570 ματο.
389 479 436 549 σύ
462 481 523 566 δέ,
560 472 718 564 άξένε,
749 485 864 547 ἔσθιε
893 481 960 547 καὶ
988 494 1082 548 πῖνε
1111 479 1181 549 καλ

223 590 357 668 παῖζε,
395 579 445 662 οἱς
471 573 598 650 τάλλα
623 579 668 649 τά
696 577 942 667 άνθρεόπινα
973 578 1047 649 ούκ
1080 579 1180 650 ὅντα

222 681 372 752 τούτου
397 681 506 765 άξια·
548 681 608 751 τόν
632 680 744 769 ψόφον
768 680 1000 768 αἰνισσόμενος
1022 679 1126 770 όνπερ
1144 686 1183 752 αί

222 799 331 874 χεῖρες
350 783 405 852 ἐπὶ
421 788 468 875 τῷ
486 783 595 876 κρότῳ
605 787 751 851 ποιοῦσι·
778 782 835 850 καὶ
852 781 888 850 τδ
907 789 1000 866 παῖζε
1019 785 1178 872 ῥαδιουρ-
1204 808 1220 852 ε

222 883 363 974 γότερον
382 883 610 975 ἐγγεγράφθαι
627 889 756 971 ἔφασαν
773 889 819 974 τῷ
840 881 1009 974 Ἀσσυρίῳ
1033 881 1178 972 ὀνόματι.

190 999 206 1051 5
295 985 349 1058 Ἐκ
372 985 410 1055 δέ
432 990 491 1072 τῆς
512 983 689 1074 Ἀγχιάλου
711 986 744 1065 ἐς
770 981 902 1066 Σόλους
927 982 1080 1072 άφίκετο’
1123 986 1179 1054 καλ

221 1086 378 1179 φρουράν
402 1086 563 1176 ἐσήγαγεν
588 1088 621 1167 ἐς
648 1085 778 1165 Σόλους
801 1086 858 1154 καὶ
883 1087 1041 1173 ἐπέβαλεν
1064 1084 1178 1168 αὐτοῖς

221 1190 364 1259 τάλαντα
389 1187 554 1277 άργυρίου
578 1185 730 1256 διακόσια
754 1193 887 1274 ζημίαν,
918 1185 967 1256 ὅτι
990 1187 1074 1276 πρὸς
1097 1187 1178 1268 τούς

188 1305 205 1355 σ
223 1293 356 1378 Πέρσας
372 1289 501 1378 μᾶλλόν
518 1317 549 1358 τι
565 1287 625 1358 τόν
641 1293 726 1360 νοῦν
744 1285 843 1375 εἶχον.
875 1293 976 1358 ἐνθεν
995 1291 1033 1358 δέ
1049 1284 1177 1359 άναλα-
1191 1322 1217 1362 ιο

220 1393 295 1481 βάν
317 1397 384 1461 τῶν
407 1391 470 1480 μὲν
493 1396 600 1474 πεζῶν
624 1395 692 1458 τάν
715 1389 926 1460 Μακεδόνων
948 1405 1036 1479 τρεῖς
1060 1389 1178 1476 τάξεις,

219 1492 298 1576 τούς
311 1492 445 1576 τοξότας
459 1492 497 1561 δέ
510 1489 635 1570 πάντας
653 1490 710 1558 καὶ
726 1489 805 1572 τούς
820 1489 997 1579 Ἀγριᾶνας
1010 1491 1179 1574 ἐξελαύνει

221 1596 276 1665 ἐπὶ
298 1593 376 1675 τούς
399 1592 440 1662 τά
464 1591 526 1680 ὄρη
550 1593 745 1680 κατέχοντας
768 1599 918 1672 Κίλικας.
953 1593 1009 1661 καὶ
1034 1596 1072 1662 ἐν
1096 1593 1177 1663 ἑπτά

220 1711 292 1777 ταῖς
316 1694 435 1774 πάσαις
457 1691 593 1783 ἡμέραις
615 1693 695 1772 τούς
717 1692 779 1782 μὲν
797 1699 855 1784 βία
873 1693 1010 1780 ἐξελών,
1041 1695 1120 1775 τούς
1138 1695 1177 1764 δὲ

221 1797 381 1888 ὁμολογία
395 1793 690 1885 παραστησάμενος
709 1797 872 1883 ἐπανῆκεν
891 1797 923 1876 ἐς
937 1794 1016 1875 τούς
1032 1796 1173 1876 Σόλους.
1189 1826 1213 1866 ιο

187 1901 277 1968 λκαὶ
303 1901 450 1968 ἐνταῦθα
481 1895 646 1986 μανθάνει
670 1906 877 1984 Πτολεμαῖον
910 1897 967 1964 καί
988 1895 1176 1986 ’Ἄσανδρον

220 2001 272 2070 ὅτι
296 1998 479 2089 ἐκράτησαν
493 1993 734 2086 Ὀροντοβάτου
751 2003 811 2066 τοῦ
830 1997 981 2084 Πέρσου,
1008 1994 1045 2078 ὃς
1062 1997 1123 2086 τήν
1140 2025 1176 2068 τε

220 2101 328 2190 άκραν
343 2105 402 2188 τῆς
414 2097 675 2190 Ἁλικαρνασσοῦ
697 2099 863 2185 ἐφύλασσε
881 2100 938 2166 καλ
956 2097 1102 2169 Μύνδον
1119 2100 1175 2168 καὶ

219 2207 361 2272 Καῦνον
385 2201 442 2269 καὶ
460 2199 575 2290 Θήραν
593 2199 648 2269 καὶ
668 2206 872 2270 Καλλίπολιν
898 2215 1043 2288 κατεῖχε·
1070 2227 1174 2290 προς-

218 2309 299 2391 ῆκτο
328 2301 367 2372 δὲ
396 2303 454 2370 καὶ
478 2307 538 2372 Ka?
569 2302 625 2370 καὶ
653 2300 818 2388 Τριόπιον.
862 2307 984 2371 τοῦτον
1012 2300 1213 2390 ἡττῆσθαιεο

219 2411 367 2493 ἔγραφον
380 2401 468 2493 μάχη
486 2401 628 2492 μεγάλη·
655 2404 712 2470 καὶ
725 2401 912 2473 άποθανεῑν
929 2403 992 2492 μέν
1008 2410 1076 2474 τοῖν
1093 2399 1173 2493 ἄμφ’

219 2501 326 2574 αύτόν
350 2503 468 2587 πεζούς
496 2506 529 2585 ἐς
548 2505 763 2584 ἑπτακοσίους
786 2505 843 2572 καὶ
861 2506 982 2584 ίππέας
1000 2508 1033 2585 ἐς
1050 2505 1173 2591 πεντύ·

185 2616 337 2692 εκοντα,
363 2598 489 2674 άλολναι
513 2604 551 2676 δὲ
576 2602 640 2674 ούκ
664 2603 814 2685 ἐλάττους
833 2613 901 2674 τῶν
919 2613 1046 2694 χιλίαν.
1080 2602 1173 2677 Ἀλέ·

218 2711 358 2795 ξανδρος
383 2705 421 2774 δέ
445 2709 481 2776 ἐν
507 2704 626 2786 Σόλοις
647 2705 757 2787 θύσας
780 2732 816 2775 τε
838 2709 884 2798 τῷ
907 2705 1092 2801 Ἀσκληπιῷ
1118 2709 1173 2776 καὶ

218 2806 412 2896 πομπεύσας
430 2802 531 2888 αύτός
544 2832 579 2874 τε
592 2806 681 2895 καὶὴ
696 2805 830 2898 στρατιά
844 2813 934 2876 πάσα
948 2809 1004 2876 καὶ
1016 2809 1172 2898 λαμπάδα
1185 2839 1211 2882 τε

218 2909 405 2988 ἐπιτελέσας
418 2909 473 2978 καὶ
486 2903 601 2994 άγοῖνα
615 2911 745 2989 διαθεὶς
758 2909 921 2997 γυμνικόν
938 2910 994 2978 καὶ
1011 2911 1174 2999 μουσικόν

219 3014 363 3080 Σολεῦσι
398 3009 460 3099 μὲν
498 3015 778 3099 δημοκρατεῖσθαι
809 3016 946 3079 ἔδωκεν·
1000 3009 1102 3092 αύτδς
1135 3012 1174 3082 δέ

217 3108 395 3194 ἀναζεύξας
425 3115 473 3192 είς
502 3109 633 3200 Ταρσόν
662 3111 741 3191 τούς
771 3110 833 3199 μὲν
860 3112 979 3194 ἱππίας
1003 3111 1174 3184 άπέστειλε

219 3210 352 3282 Φιλώτα
375 3210 456 3292 δούς
479 3209 573 3298 άγειν
597 3209 651 3280 διά
675 3218 736 3281 τού
751 3210 885 3301 Ἀληίον
903 3219 1021 3284 πεδίου
1041 3215 1096 3283 ἐπὶ
1113 3214 1173 3284 τόν

184 3280 366 3400 9ποταμόν
391 3311 451 3382 τόν
474 3312 654 3402 Πύραμον·
697 3311 799 3394 αύτδς
823 3313 861 3382 δέ
884 3315 950 3384 σύν
972 3330 1041 3396 τοῖς
1065 3323 1212 3400 πεζοῐςεο
1318 3299 1319 3360 7

217 3415 273 3482 καὶ
303 3419 345 3502 τῇ
377 3422 432 3505 λλη
456 3420 497 3504 τῇ
519 3419 675 3504 βασιλικῇ
700 3417 732 3494 ἐς
758 3415 947 3504 Μαγαρσδν
969 3410 1028 3503 ἧκε
1051 3417 1106 3485 καὶ
1129 3424 1172 3506 τῇ

214 3508 341 3606 Ἀθηνᾷ
359 3522 400 3606 τῇ
415 3521 609 3608 Μαγαρσίδι
627 3521 762 3584 ἔθυσεν.
790 3517 950 3586 ἐντεῦθεν
968 3517 1006 3589 δέ
1024 3520 1057 3600 ἐς
1071 3527 1173 3590 Μαλ-
