2678 3950
237 249 297 314 180
589 248 841 306 ειεειαιεον

233 407 317 495 άρτη
332 421 412 486 παῖς
425 406 597 494 παρθένος
612 403 735 496 ἐν’ῦρη
748 404 873 492 γάμου,
888 403 1030 493 Ῥωξάνη
1044 403 1197 493 ὀνόματι,

232 506 276 595 ἣν
299 509 341 594 δὴ
365 514 547 595 καλλίστην
571 509 641 575 τῶν
654 506 817 576 Ἀσιανῦν
839 508 1012 592 γυναικῶν
1037 509 1198 592 λέγουσιν

234 607 385 698 ὀφθῆναι
402 614 438 677 οί
457 609 520 690 ξῦν
534 605 741 700 Ἀλεξάνδρῳ
766 606 1027 693 στρατεύσαντες
1050 609 1132 695 μετά
1155 636 1196 694 γε

233 709 296 797 τὴν
315 715 465 798 Δαρείου
483 725 641 794 γυναῖκα.
685 710 742 777 καὶ
759 709 886 795 ταύτην
905 709 1023 778 ἰδόντα
1038 706 1193 791 Ἀλέξαν-

233 817 316 900 δρον
343 815 377 892 ἐς
404 816 511 898 ἔρωτα
538 813 653 879 ἐλθεῖν
686 810 807 896 αὐτῆς·
841 811 1028 898 ἐρασθέντα
1060 809 1098 879 δέ
1129 809 1224 880 οὐκτ

235 917 390 1000 ἐθελῆσαι
402 911 542 999 ὑβρίσαι
558 911 713 1000 καθάπερ
733 911 958 998 αἰχμάλωτον,
985 909 1070 979 ἀλλά
1093 915 1196 1000 γῆμαι

199 1013 298 1102 ογάρ
320 1012 384 1082 οὐκ
401 1011 594 1094 ἀπαξιῶσαι.
634 1015 690 1082 καὶ
714 1017 816 1082 τοῦτο
840 1010 905 1098 έγοδ
920 1009 1138 1101 Ἀλεξάνδρου
1155 1012 1194 1082 τὸ

234 1121 334 1203 ἐργον
353 1116 477 1184 ἐπαινῶ
495 1114 626 1202 μᾶλλόν
642 1142 674 1183 τι
690 1109 711 1200 ἢ
729 1115 905 1201 μέμφομαι.
945 1121 1054 1182 καίτοι
1076 1117 1134 1200 τῆς
1155 1141 1195 1200 γε

235 1223 386 1303 Δαρείου
404 1215 581 1305 γυναικός,
608 1211 629 1302 ἢ
652 1223 813 1301 καλλίστη
842 1213 883 1301 δὴ
908 1214 1040 1300 ἐλέγετο
1062 1220 1131 1284 τῦν
1156 1218 1194 1285 ἐν

233 1322 274 1406 τῇ
297 1316 393 1407 Ἀσίᾳ
419 1319 608 1403 γυναικῶν,
634 1312 656 1402 ἢ
681 1313 744 1385 οὐκ
768 1307 875 1402 ἦλθεν
902 1317 936 1395 ές
962 1318 1147 1403 ἐπιθυμίαν
1172 1313 1236 1402 ἢιο

233 1417 392 1508 καρτερός
418 1416 522 1496 αὐτός
546 1415 651 1485 αὐτοῦ
674 1416 815 1507 ἐγένετο,
840 1417 916 1496 νέος
939 1442 978 1485 τε
1002 1412 1051 1484 ἀν
1074 1417 1130 1484 καὶ
1153 1416 1194 1485 τά

231 1521 374 1607 μάλιστα
401 1522 438 1588 ἐν
463 1515 554 1606 ἀκμῇ
580 1521 639 1603 τῆς
666 1517 837 1605 εὐτυχίας,
869 1516 970 1587 ὁπότε
1000 1517 1195 1606 ὑβρίζουσιν

233 1625 270 1690 οί
298 1619 490 1709 ἀνθρωττοι·
542 1616 560 1686 ὁ
593 1618 633 1687 δὲ
658 1621 849 1707 κατῃδέσθη
874 1646 911 1688 τε
941 1619 999 1686 καὶ
1026 1621 1194 1707 ἐφείσατο,

233 1721 440 1809 σωφροσύνη
466 1745 502 1788 τε
528 1723 635 1809 πολλῇ
659 1720 883 1809 διαχρώμενος
916 1722 973 1787 καὶ
1000 1720 1099 1806 δόξης
1125 1719 1194 1808 ἀμα
1225 1780 1228 1784 .

234 1821 365 1909 ἀγαθῆς
391 1820 456 1889 οὐκ
481 1817 597 1913 ἀτόπῳ
624 1823 743 1909 ἐφέσει.
1100 1819 1101 1822 '
1208 1843 1234 1885 ιε

184 1931 224 1994 20
310 1923 379 1992 Καὶ
399 1928 518 1991 τοίνυν
541 1924 598 1990 καὶ
616 1923 716 2008 λόγος
739 1922 868 2010 κατέχει
891 1919 1007 2007 ὀλίγον
1030 1921 1112 2010 μετά
1132 1923 1195 2010 τὴν

232 2023 341 2112 μάχην
358 2019 476 2110 ἣπρδς
492 2022 585 2114 Ἰσσῷ
604 2031 740 2115 Δαρείῳ
756 2051 792 2093 τε
809 2025 867 2091 καὶ
882 2018 1089 2116 Ἀλεξάνδρῳ
1107 2046 1193 2094 συν-

234 2126 292 2213 έβη
310 2123 506 2213 ἀποδράντα
531 2126 646 2193 ἐλθεῖν
667 2124 758 2214 παρά
778 2137 926 2212 Δαρεῖον
947 2123 1008 2192 τόν
1026 2124 1194 2214 εὐνοῦχον

232 2224 292 2294 τόν
325 2226 463 2314 φύλακα
495 2223 588 2316 αὐτῷ
620 2227 679 2312 τῆς
704 2225 873 2312 γυναικός.
912 2227 970 2295 καί
995 2231 1119 2295 τοῦτον
1147 2226 1193 2307 οδς

233 2325 302 2396 εἶδε
320 2339 478 2414 Δαρεῖος,
505 2331 620 2414 πρῶτα
639 2325 701 2414 μὲν
727 2329 898 2396 πυθέσθαι
922 2335 955 2398 εί
975 2331 1075 2408 ζῶσιν
1098 2326 1191 2419 αὐτῷ
1206 2357 1233 2396 εο

200 2439 216 2488 ²
234 2434 270 2498 οί
284 2434 403 2508 παῖδες
420 2429 478 2496 καί
495 2426 516 2515 ἡ
533 2428 621 2515 γυνή
637 2455 673 2496 τε
689 2429 747 2495 καὶ
764 2425 786 2514 ἡ
804 2426 919 2516 μήτηρ.
957 2424 1003 2506 ὐς
1027 2427 1065 2496 δέ
1088 2428 1193 2512 ζώσας

233 2557 269 2599 τε
288 2530 435 2600 ἐπύθετο
452 2530 509 2597 καὶ
520 2535 710 2615 βασίλισσαι
718 2526 768 2598 ὅτι
780 2532 963 2598 καλοῦνται
975 2529 1033 2596 καί
1050 2527 1071 2616 ἡ
1086 2541 1193 2617 θερα-

152 2717 154 2722 ,
232 2638 311 2699 πεία
335 2627 385 2698 δτι
407 2627 494 2717 ἀμφ’
513 2628 620 2709 αὐτάς
645 2633 733 2699 ἐστιν
755 2627 874 2718 ἥντινα
890 2631 948 2698 καὶ
968 2630 1024 2698 ἐπὶ
1042 2638 1192 2718 Δαρείου

233 2731 489 2820 ἐθεραπεύοντο,
516 2732 571 2799 ἐπὶ
597 2734 682 2821 τῷδε
705 2723 751 2800 αὐ
771 2733 944 2800 πυθέσθαι
967 2737 1000 2799 εί
1021 2747 1194 2819 σωφρονεῖ

233 2830 325 2922 αὐτῷ
351 2829 374 2918 ἡ
399 2829 486 2916 γυνὴ
515 2838 571 2900 ἐτι.
625 2829 670 2918 οἱς
696 2830 735 2900 δέ
762 2834 1006 2920 σωφρονοῦσαν
1035 2833 1193 2923 ἐπύθετο,
1205 2862 1234 2902 τε

233 2923 334 3010 αὐθις
360 2934 494 3019 ἐρέσθαι
510 2931 556 3019 μή
580 2958 611 2999 τι
629 2939 740 3019 βίαιον
759 2934 792 3014 ἐξ
807 2929 1029 3019 Ἀλεξάνδρου
1047 2931 1133 3024 αὐτῇ
1158 2939 1193 3016 ἐς
1319 3007 1320 3014 η

232 3033 334 3121 ῦβριν
352 3034 492 3120 ξυνέβη·
519 3033 576 3100 καὶ
594 3032 654 3100 τὸν
672 3029 840 3121 εὐνούχου
858 3033 1070 3122 ἐπομόσαντα
1089 3036 1194 3123 φάναι
1319 3031 1320 3035 ’

233 3133 294 3221 ὅτι,
327 3123 352 3201 ὦ
379 3137 529 3221 βασιλεῦ,
564 3130 651 3203 οῦτοι
677 3161 727 3202 τοι
753 3134 799 3214 άς
825 3133 981 3214 ἀπέλιπες
1011 3139 1078 3221 ἔχει
1101 3135 1122 3224 ἡ
1149 3137 1191 3225 σὴ

232 3235 333 3322 γυνή,
352 3236 409 3304 καὶ
424 3233 640 3324 Ἀλέξανδρος
664 3232 800 3323 ἀνδρῶν
824 3234 959 3323 ἀριστός
982 3236 1021 3303 τέ
1044 3239 1111 3306 ἐστι
1133 3241 1190 3308 καὶ

199 3337 517 3427 3σωφρονέστατος.
563 3339 618 3406 ἐπὶ
641 3341 754 3406 τοῖσδε
786 3333 961 3407 ἀνατεῖναι
984 3347 1134 3426 Δαρεῖον
1158 3344 1192 3418 ἐς
1205 3367 1231 3406 ιο
1317 3379 1318 3390 2

234 3438 295 3509 τόν
316 3436 465 3528 οὐρανόν
487 3439 545 3518 τάς
568 3451 679 3526 χεῖρας
701 3438 758 3507 καὶ
776 3433 938 3520 εῦξασθαι
951 3429 1031 3506 οἶδε.
1070 3439 1146 3507 ἀλλ’
1165 3433 1192 3509 ὐ
1317 3401 1318 3467 λ

234 3545 303 3610 Ζεῦ
321 3545 480 3629 βασιλεῦ,
505 3538 571 3632 ὅτῳ
590 3541 819 3628 ἐπιτέτραπται
835 3540 947 3627 νέμειν
963 3536 1004 3606 τά
1027 3540 1194 3625 βασιλέων
