2664 3946
222 208 283 273 130
572 204 824 266 ΔΑΒΞΔΝΔΡΟΤ

219 351 385 439 λημμένος
403 351 460 420 καί
488 352 525 419 ἐν
543 349 689 430 Σούσοις
713 349 926 438 εἰργόμενος·
964 352 1065 418 τοῦτο
1083 345 1178 438 αύτῷ

221 456 255 532 ἐς
272 460 385 521 πίστιν
408 442 452 538 ἦν
475 450 560 540 πρός
579 450 817 538 Ἀλέξανδρον·
857 449 961 530 αύτός
987 448 1026 520 δὲ
1052 447 1098 528 ως
1123 451 1178 518 ἐπί

185 559 446 640 4Παρθυαίους
476 543 545 639 ἦγε.
592 553 650 622 καί
683 556 724 642 τῇ
753 551 869 642 πρύτη
902 551 965 640 μὲν
991 550 1079 639 πρός
1103 565 1178 629 ταῖς

221 661 389 732 Κασπίαις
418 652 540 733 πύλαις
571 655 867 744 ἐστρατοπέδευσε·
906 655 948 742 τῇ
973 653 1115 742 δευτέρα
1140 651 1178 720 δὲ

219 765 300 826 είσω
313 758 466 844 παρῆλθε
481 759 550 823 τῶν
564 757 684 824 πυλῶν
699 763 772 825 ἔστε
785 753 967 843 οἰκούμενα
984 745 1036 840 ἦν.
1071 757 1203 822 ἔωσι-ε

219 856 391 944 τισόμενος
408 854 447 925 δὲ
465 855 626 942 αύτόθεν,
644 853 695 924 ότι
710 862 832 944 ἔρημον
850 855 911 942 τὴν
930 855 1045 944 πρόσω
1063 854 1177 942 χάραν

219 955 360 1044 ἤκουεν,
384 961 418 1038 ἐς
436 955 609 1045 προνομὴν
628 958 786 1044 ἐκπέμπει
803 965 931 1026 Κοῖνον
955 959 1017 1038 ξύν
1037 957 1181 1024 ίππεῦσί

220 1059 329 1128 τεκαὶ
345 1059 414 1126 τόν
432 1061 538 1140 πεζῶν
556 1057 693 1144 ὀλίγοις.

165 1168 210 1234 21
296 1160 366 1228 Καὶ
389 1159 559 1252 ἐντούτῳ
583 1158 771 1246 ἀφικνεῖται
797 1157 871 1248 παρ’
897 1156 1004 1227 αύτδν
1022 1155 1089 1226 άπδ
1115 1157 1176 1225 τοῦ

221 1267 370 1350 Δαρείου
380 1261 608 1350 στρατοπέδου
622 1259 843 1347 Βαγιστάνης,
856 1258 1075 1349 Βαβυλώνιος
1089 1256 1175 1345 α’νὴρ
1190 1290 1215 1330 ιο

219 1365 288 1431 τόν
305 1368 486 1450 γνωρίμων
509 1363 566 1430 καὶ
584 1361 647 1443 ξύν
664 1361 774 1452 τούτῳ
792 1360 987 1449 Ἀντίβηλος
1004 1361 1074 1428 τόν
1093 1367 1176 1428 Μα-

218 1470 313 1546 ζαίου
327 1467 470 1532 παίδων.
496 1451 589 1531 οὗτοι
605 1460 811 1550 ἀπήγγειλαν
824 1459 876 1530 ότι
889 1460 1111 1551 Ναβαρζάνης
1128 1486 1176 1547 τε,

218 1563 387 1652 χιλιάρχης
404 1565 473 1631 τῶν
491 1562 556 1645 ξύν
573 1570 710 1655 Δαρείῳ
728 1561 928 1651 φευγόντων
948 1563 1097 1651 ίππίων,
1119 1563 1175 1630 καὶ

219 1668 349 1751 Βῆσσος
380 1661 399 1732 ό
428 1671 605 1754 Βακτρίων
636 1664 807 1752 σατράπης
832 1666 889 1733 καί
916 1665 1129 1754 Βαρσαέντης
1156 1661 1174 1730 o‘

215 1763 415 1854 Ἀραχωτῶν
423 1767 480 1835 καὶ
492 1769 663 1855 Δραγγῶν
677 1765 847 1854 σατράπης
861 1763 1096 1855 ξυνειληφότες
1108 1762 1174 1832 εἶεν
1189 1795 1213 1835 ιε

186 1880 202 1929 2
220 1879 378 1954 Δαρεῖον.
405 1869 512 1936 ταῦτα
525 1865 674 1946 άκούσας
685 1865 903 1955 Ἀλέξανδρος
914 1873 963 1936 ἔτι
975 1870 1104 1955 μᾶλλον
1116 1855 1176 1950 ἦγε

220 1971 368 2055 σπουδῇ,
384 1967 465 2047 τούς
480 1971 634 2056 ε’ταίρους
647 1967 774 2054 μόνους
793 1974 879 2052 ἔχων
897 1966 976 2056 ἄμφ’
996 1967 1101 2036 αύτὸν
1118 1966 1176 2034 καὶ

218 2068 301 2148 τούς
318 2068 532 2157 προδρόμους
552 2069 673 2148 ίππίας
690 2071 747 2138 καί
764 2076 834 2137 τῶν
847 2073 954 2152 πεζῶν
967 2069 1048 2148 τούς
1066 2065 1176 2154 εύρω-
1298 2085 1302 2094 ’

219 2168 399 2245 στοτάτους
420 2193 456 2234 τε
478 2169 534 2234 καί
555 2169 788 2253 κουφοτάτους
816 2169 1067 2253 ἐπιλεξάμενος,
1097 2164 1176 2232 οὐδὲ

217 2267 298 2346 τούς
308 2267 393 2353 άμφί
405 2273 533 2335 Κοῖνον
545 2273 749 2355 προσμείνας
762 2269 870 2353 ἐνιπῆς
884 2273 1056 2354 προνομῆς
1072 2268 1175 2332 ἐπαν-
1187 2297 1214 2340 20

219 2372 343 2435 ελθείν.
377 2381 446 2448 τοῖς
461 2370 498 2436 δὲ
513 2366 790 2454 ὑπολειπομένοις
805 2368 986 2454 ἐπιστήσας
1000 2367 1176 2450 Κράτερον

185 2471 417 2556 επροστάττει
437 2472 580 2538 ἕπεσθαι
607 2469 651 2556 μή
679 2469 808 2556 μακράς
836 2470 940 2548 ὁδούς
965 2469 1101 2553 ἄγοντα.
1142 2467 1178 2531 οί

219 2571 257 2640 δὲ
278 2570 361 2658 ἀμφ’
386 2571 490 2638 αὐτόν
504 2571 545 2638 τά
559 2570 646 2638 ὅπλα
664 2567 755 2656 εἰχον
769 2571 877 2657 μόνον
892 2574 948 2638 καί
963 2572 1025 2638 δύο
1040 2568 1175 2656 ἡμερῶν

219 2675 318 2739 σιτία.
348 2670 461 2738 ἐλθόν
484 2673 521 2739 δὲ
535 2673 598 2757 τη’ν
612 2696 648 2738 τε
670 2673 777 2738 νύκτα
799 2672 883 2759 ὅλην
904 2674 1036 2757 καὶτῆς
1059 2665 1174 2737 ἐπιού-

218 2791 279 2858 σης
292 2769 417 2858 ἡμέρας
426 2772 521 2858 μέχρι
536 2776 743 2858 μεσημβρίας
754 2771 870 2856 ὀλίγον
880 2775 1005 2858 χρόνον
1020 2769 1174 2837 άναπαύ-
1188 2799 1214 2841 ω

218 2890 280 2950 σας
305 2871 366 2939 τόν
394 2871 537 2957 στρατόν
564 2865 666 2951 αὖθις
691 2871 746 2959 ᾔει
773 2871 856 2959 ὅλην
881 2875 945 2960 την
971 2874 1096 2956 νύκτα,
1120 2873 1176 2937 καὶ

218 2972 286 3060 ἅμα
307 2971 414 3061 ἡμέρα
436 2973 674 3060 ὑποφαινούσῃ
690 2979 802 3060 παρῆν
817 2976 865 3052 είς
880 2973 918 3042 τό
934 2973 1175 3058 στρατόπεδον,

180 3075 303 3143 κόθεν
324 3074 523 3160 ἀφωρμήκει
544 3073 650 3141 όπίσω
672 3075 892 3161 Βαγιστάνης.
930 3077 987 3142 καί
1013 3073 1092 3152 τούς
1113 3075 1176 3159 μὲν

218 3180 397 3261 πολεμίους
418 3173 460 3242 ού
488 3177 664 3261 κατέλαβε,
692 3179 843 3258 Δαρείου
869 3177 907 3244 δὲ
929 3176 1006 3260 πέρι
1029 3175 1175 3244 ἐπύθετο

218 3276 323 3344 αὐτόν
344 3277 407 3364 μὲν
429 3276 696 3363 συνειλημμένον
718 3274 861 3362 άγεσθαι
884 3275 940 3362 ἐφ’
970 3274 1173 3361 ἁρμαμάξης,
1188 3303 1215 3344 ιο

217 3381 340 3466 Βήσσῳ
368 3379 405 3446 δὲ
433 3375 508 3445 ιἰντλ
535 3382 686 3464 Δαρείου
713 3379 874 3462 γενέσθαι
902 3377 940 3444 τό
972 3380 1094 3463 κράτος
1119 3377 1176 3441 καί

215 3479 366 3567 ἡγεμόνα
381 3477 580 3568 ω’νομάσθαι
601 3484 738 3565 Βῆσσον
753 3479 837 3562 πρός
857 3502 894 3546 τε
914 3485 983 3546 τάν
998 3479 1176 3562 Βακτρίων
