2678 3950
252 235 315 301 268
604 236 857 296 ΑΔΕΞΔΝΔΡΟΤ

252 394 413 483 κρεμάσαι
428 391 777 483 κελεῦειἏλέξανδρος
788 397 876 482 έντῇ
886 392 995 463 αῦτοῦ
1004 399 1062 483 γῇ,
1077 395 1220 464 καὶτῶν

254 494 463 583 Βραχμάνων
488 495 559 565 ὅσοι
577 505 677 566 αίτιοι
692 500 750 582 τῆς
774 493 986 574 ἀποστάσεως
1004 502 1218 592 Μουσικανῷ

253 598 468 683 κατέστησαν.
508 594 648 683 ἄφίκετο
666 595 704 666 δὲ
721 594 813 688 αὐτῷ
830 597 886 664 καὶ
905 593 924 666 ὁ
943 598 1012 664 τῦν
1030 589 1218 666 Παταλέων

254 701 312 785 της
329 698 438 786 χάρας
456 695 580 784 άρχων,
599 694 618 766 δ
635 696 677 784 δὴ
695 698 733 766 τδ
747 699 860 770 Δέλτα
874 702 959 786 ἔφην
977 695 1063 766 εἶναι
1074 696 1111 766 τὸ
1127 697 1217 788 πρὸς

253 802 315 867 τοῦ
341 804 492 886 ποταμοῦ
517 804 578 867 τοῦ
593 795 701 868 Ἰνδοῦ
719 799 931 887 ποιούμενον,
956 805 1068 886 μεῖζον
1087 805 1134 868 ἔτι
1148 804 1244 872 τοῦε

254 899 365 970 Δέλτα
397 903 460 967 τοῦ
486 904 695 986 Αίγυπτίου,
733 901 791 969 καί
824 890 923 978 οὗτος
948 899 1010 986 τήν
1035 925 1072 967 τε
1097 899 1217 987 χάραν

255 999 348 1090 αὐτῷ
374 999 438 1081 την
463 997 570 1068 αῦτοῦ
597 1003 752 1072 ἐνεδίδου
771 1005 881 1070 πᾶσαν
906 999 963 1068 καὶ
980 997 1086 1069 αῦτόυ
1102 1001 1216 1069 τεκαὶ

221 1101 296 1168 κτὰ
322 1098 428 1170 αῦτοῦ
456 1102 623 1191 ἐπέτρεψε.
671 1107 790 1172 τοῦτον
816 1101 878 1190 μέν
904 1101 946 1188 δὴ
974 1103 1029 1170 έπὶ
1045 1103 1086 1189 τῇ
1106 1100 1214 1170 αῦτοῦ

254 1203 341 1290 άρχῇ
369 1202 526 1289 ἐκπέμπει
551 1193 668 1288 αὖθις,
695 1209 922 1290 παραγγείλας
949 1202 1215 1288 παρασκευάζειν

253 1299 316 1370 ὅσα
333 1305 367 1382 ές
393 1295 565 1390 ὑποδοχὴν
590 1308 633 1391 τῇ
660 1306 812 1393 στρατιᾷ·
840 1294 945 1383 αὐτὸς
972 1303 1010 1372 δὲ
1037 1303 1212 1392 Κράτερον
1228 1337 1253 1376 ιο

252 1403 315 1492 μὲν
331 1401 394 1490 τη’ν
406 1429 442 1472 τε
452 1402 613 1474 Ἀττάλου
626 1404 718 1485 τάξιν
731 1401 855 1489 ἄγοντα
867 1405 925 1472 καὶ
938 1403 1000 1492 τὴν
1010 1403 1213 1493 Μελεάγρου

252 1507 309 1574 καὶ
323 1503 534 1590 Ἀντιγένους
559 1504 615 1572 καὶ
638 1509 707 1573 τῶν
723 1505 867 1586 τοξοτῦν
885 1511 973 1576 ἔστιν
991 1501 1051 1584 οῦς
1068 1506 1213 1574 καὶτῶν

254 1608 396 1692 ἑταίρων
421 1631 457 1673 τε
482 1607 539 1674 καλ
562 1603 675 1674 άλλων
693 1604 904 1676 Μακεδόνων
921 1605 1023 1686 ὅσους
1040 1609 1074 1686 ἐς
1092 1615 1213 1676 Μακε-

253 1712 372 1776 δονίαν
390 1704 584 1793 ἀπομάχους
610 1705 708 1787 ὄντας
732 1704 797 1794 ἤδη
816 1712 946 1776 ἔστελλε
962 1709 1023 1794 τὴν
1041 1705 1094 1776 ἐπ’
1109 1706 1211 1794 Ἀρκ-

253 1812 369 1894 χωτιῦν
394 1806 451 1874 καὶ
477 1806 665 1896 Ζαράγγων
691 1813 836 1896 ἔπεμπεν
862 1806 896 1888 ἒς
914 1815 1125 1896 Καρμανίαν,
1151 1809 1209 1876 καὶ
1226 1837 1250 1876 ιι

219 1908 332 1988 ιτοδς
364 1903 549 1995 ἐλέφαντας
580 1909 688 2001 τοάτφ
714 1907 806 1995 ἄγειν
834 1914 952 1978 ἔδωκε·
991 1914 1034 1996 τῇ
1060 1909 1098 1980 δέ
1124 1908 1208 1998 άλλη

253 2010 407 2099 στρατιᾷ,
439 2007 501 2096 ὅση
534 2035 573 2095 γε
603 2007 648 2097 μη
682 2009 746 2090 ξῦν
778 2004 871 2102 αὐτῷ
904 2009 1057 2078 κατέπλει
1084 2011 1128 2088 ὡς
1154 2007 1210 2078 ἐπὶ

252 2110 441 2195 θάλασσαν,
464 2108 667 2194 Ἡφαιστίων
685 2108 866 2198 ἐπετάχθη·
894 2118 1056 2182 Πείθωνα
1074 2110 1112 2180 δὲ
1129 2109 1209 2190 τοῦς

252 2235 288 2278 τε
306 2209 562 2290 ίππακοντιστάς
587 2209 712 2296 άγουτα
736 2212 793 2279 καί
809 2212 889 2300 τοῦς
902 2210 1078 2301 Ἀγριᾶνας
1095 2209 1131 2292 ἒς
1147 2211 1209 2300 τήν

253 2307 307 2380 ἐπ’
335 2309 447 2382 ἐκεῖνα
473 2309 580 2400 ὄχθην
605 2317 666 2380 τοῦ
682 2306 789 2381 Ἰνδοῦ
808 2313 1014 2400 διαβιβάσας,
1040 2309 1103 2399 οῦχ
1120 2304 1206 2401 ᾗπερ
1222 2342 1248 2381 ιο

248 2410 452 2501 Ἡφαιστίων
477 2413 540 2500 τὴν
565 2412 723 2502 στρατιάν
748 2411 842 2497 άγειν
858 2411 988 2501 ἤμελλε,
1014 2413 1073 2492 τάς
1098 2439 1134 2480 τε
1152 2415 1209 2482 έκ-

251 2514 488 2603 τετειχισμένας
513 2512 579 2600 ἤδη
605 2514 717 2594 πόλεις
734 2516 918 2596 ξυνοικίσαι
935 2514 1088 2582 έκέλευσε
1104 2515 1161 2582 καί
1180 2519 1211 2582 εί

253 2614 295 2701 δή
319 2641 395 2685 τινα
420 2621 642 2702 νεωτερίζοιτο
668 2613 753 2704 πρὸς
778 2619 846 2684 νῦν
871 2613 976 2704 ταῦτη
1000 2611 1118 2684 Ἰνδῶν
1151 2617 1209 2684 καὶ

252 2720 357 2784 ταῦτα
384 2716 417 2795 ἐς
442 2713 568 2802 κόσμον
585 2713 835 2801 καταστήσαντα
851 2715 1050 2804 ξυμβάλλειν
1067 2720 1103 2785 οί
1119 2719 1151 2796 ές
1168 2715 1208 2784 τά

254 2814 402 2887 Πάταλα.
1222 2842 1248 2882 ιε

220 2940 236 2988 ο
320 2914 406 3003 Ἤδη
432 2914 471 2985 δέ
496 2919 612 3003 τρίτην
637 2911 765 3005 ἡμέραν
791 2916 882 3008 αὐτῷ
908 2919 969 2986 τοῦ
995 2921 1084 2986 πλοῦ
1103 2922 1211 3004 ἔχοντι

255 3016 481 3102 ἐξαγγέλλεται
511 3014 562 3084 ὅτι
596 3015 614 3086 ὁ
641 3023 709 3086 τῶν
736 3018 902 3088 Πατάλων
942 3015 1089 3105 ὕπαρχος
1127 3020 1209 3100 ξυλ-

253 3117 366 3203 λαβῦν
392 3124 460 3188 τῦν
484 3117 666 3188 Παταλέων
690 3120 770 3198 τοῦς
796 3115 942 3200 πολλοῦς
969 3117 1209 3206 άποδεδρακιδς

253 3229 388 3308 οίχοιτο,
401 3216 574 3289 άπολιπῦν
586 3217 647 3306 την
660 3217 772 3307 χάραν
790 3225 926 3308 ἔρημον·
952 3222 1009 3289 καλ
1025 3221 1080 3289 ἐπὶ
1098 3219 1209 3312 τούτῳ

253 3327 382 3390 πλείονι
415 3317 436 3407 ἢ
471 3317 621 3406 πρόσθεν
648 3325 780 3407 σπουδῇ
806 3322 959 3390 κατέπλει
980 3319 1206 3410 Ἀλέξανδρος.
1221 3348 1248 3388 ιο
1310 3367 1311 3413 χ

253 3420 299 3501 ῦς
325 3421 364 3490 δὲ
389 3417 528 3508 ἄφίκετο
556 3423 588 3499 ές
613 3417 653 3488 τά
684 3419 832 3507 Πάταλα,
865 3421 925 3510 τήν
951 3448 985 3491 τε
1010 3421 1125 3510 χάραν
1151 3423 1209 3490 καὶ

252 3523 315 3608 τὴν
341 3519 440 3591 πόλιν
468 3526 590 3608 ἔρημον
616 3520 861 3612 καταλαμβάνει
882 3527 951 3593 τῦν
983 3522 1208 3592 ἐνοικούντων
