2590 3948
231 212 295 278 302
589 211 840 272 ΔΛΕΞΔΝΔΡΟΤ

232 374 345 442 πᾶσαν
361 377 404 460 τῇ
422 369 567 462 ὑμετέρᾳ
586 369 675 461 άρχῇ
693 372 888 458 προσέθηκα
900 370 1036 460 καλιὴν
1051 376 1204 443 Αἰολίδα

232 475 344 542 πᾶσαν
369 472 425 542 καὶ
458 473 597 562 Φρύγας
624 470 834 559 ἀμφοτέρους
867 474 923 542 καὶ
948 473 1103 561 Λυδούς,
1139 475 1201 542 καὶ

233 582 388 660 Μίλητον
407 569 499 644 εἶλον
520 579 710 664 πολιορκίᾳ·
739 574 780 642 τά
795 574 832 643 δὲ
852 573 936 644 ἄλλα
962 574 1070 644 πάντα
1086 595 1200 663 προσ-

232 675 433 765 χωρήσαντα
456 677 571 764 λαβών
595 674 712 744 ἑκόντα
731 672 816 762 ὑμῖν
833 682 1049 765 καρποῦσθαι
1068 680 1199 745 ἔδωκα·

200 793 216 841 ε
234 777 291 846 καὶ
308 778 349 845 τά
368 775 401 855 ἐξ
416 776 594 862 Αἰγύπτου
612 778 670 844 καὶ
685 777 844 865 Κυρήνης
858 772 983 864 άγαθά,
1000 774 1061 847 ὅσα
1075 776 1225 864 ὑμαχεὶε

234 875 432 966 ἐκτησάμην,
468 876 551 965 ὑμῖν
578 883 721 964 ἔρχεται·
755 877 777 964 ἦ
801 905 836 948 τε
853 885 949 966 κοίλη
968 884 1082 966 Συρία
1100 879 1161 947 καὶ
1179 877 1200 966 ἡ

234 985 443 1066 Παλαιστίνη
482 979 538 1048 καὶ
569 977 591 1066 ἡ
624 977 708 1066 μέση
742 983 810 1047 τῶν
843 985 1002 1066 ποταμῶν
1033 978 1201 1068 ὑμέτερον

233 1079 342 1168 κτῆμά
367 1084 447 1150 είσι·
483 1081 540 1149 καὶ
565 1078 734 1167 Βαβυλών
759 1080 816 1149 καὶ
840 1079 976 1170 Βάκτρα
1001 1080 1058 1148 καὶ
1077 1086 1200 1150 Σοῦσα

234 1179 392 1270 ὑμέτερα·
430 1182 488 1249 καὶ
521 1178 539 1250 ὑ
572 1185 699 1252 Λυδῶν
730 1183 875 1261 πλοῦτος
908 1182 964 1250 καὶ
991 1185 1027 1250 οί
1051 1187 1200 1271 Περσῶν

233 1281 402 1372 θησαυροὶ
427 1282 484 1350 καὶ
509 1281 550 1350 τά
564 1280 683 1352 Ἰνδῶν
708 1280 823 1368 ἀγαθά
842 1283 901 1350 καὶ
918 1280 939 1370 ἡ
957 1282 1019 1362 ἔξω
1035 1281 1199 1352 θάλασσα
1212 1305 1234 1346 1⁰

234 1381 394 1472 ὑμέτερα·
427 1381 526 1471 ὑμεῖς
552 1383 730 1470 σατράπαι,
754 1381 851 1470 ὑμεῖς
878 1390 1068 1472 στρατηγοί,
1095 1383 1199 1472 ὑμεῖς

200 1498 216 1548 ε
233 1485 413 1574 ταξιάρχαι
441 1481 485 1564 ὑς
505 1491 614 1606 έμοιγε
632 1483 724 1574 αύτῷ
744 1490 779 1552 τί
794 1491 962 1574 περίεστιν
980 1483 1045 1554 άπὸ
1064 1485 1200 1554 τούτων

233 1593 302 1656 τῶν
328 1587 444 1656 πόνων
470 1582 520 1653 δτι
537 1583 583 1673 μὴ
601 1584 688 1671 αντη
704 1581 726 1671 ἡ
744 1585 905 1673 πορφύρα
922 1584 1030 1654 καὶ
995 1612 1031 1654 το
1049 1585 1200 1674 διάδημα

232 1693 346 1769 τοῦτα
369 1688 527 1774 κέκτημαι
550 1685 588 1755 δέ
614 1690 684 1776 ἰδίᾳ
708 1683 823 1773 οὐδέν,
848 1685 930 1757 οὑδὲ
954 1693 1020 1774 ἔχει
1043 1713 1090 1766 τις
1109 1687 1199 1756 ὑπο-

233 1791 340 1870 δεῖξαι
370 1789 569 1876 θησαυροὺς
602 1785 755 1874 ἐμούς
734 1813 784 1856 οτι
813 1786 860 1876 μὴ
893 1792 1018 1877 ταύτα,
1048 1788 1234 1875 ύμέτεραιε

233 1915 381 1976 κτηματα
406 1915 427 1974 η
454 1886 518 1958 ὅσα
536 1893 634 1959 ἕνεκα
651 1887 751 1976 ὑμων
768 1887 978 1974 φυλάττεται.
1024 1889 1096 1957 ἐπεὶ
1114 1889 1201 1958 ούδε
1276 1939 1277 1946 1

235 1997 324 2059 ἔστιν
352 1993 424 2079 ίδίᾳ
449 2016 505 2078 μοι
531 1987 610 2070 ἐς”
590 2017 658 2058 οτι
682 1989 821 2075 φυλάξω
847 1986 982 2076 αὑτούς,
1009 1991 1201 2083 σιτουμένῳ

234 2117 269 2160 τε
294 2088 336 2160 τά
361 2088 447 2160 αὑτά
465 2084 548 2179 ὑμῖν
566 2098 653 2160 σιτία
670 2093 727 2160 καὶ
744 2089 855 2160 ὑπνον
872 2089 933 2160 τὺν
951 2087 1057 2160 αὑτὸν
1076 2097 1201 2181 αἴρου·
1275 2131 1276 2165 ι

233 2193 339 2285 μένῳ·
379 2197 486 2262 καίτοι
511 2190 593 2262 οὑδέ
619 2197 704 2260 σιτία
732 2192 804 2279 ἐμοὶ
830 2196 919 2260 δοκεῖ
945 2191 985 2261 τά
1011 2188 1100 2260 αὑτά
1127 2207 1202 2272 τοῖς

233 2298 407 2381 τραφῶσιν
423 2291 522 2381 ὑμῶν
546 2303 724 2363 σιτεῖσθαι·
758 2298 1010 2383 προαγρυπνῶν
1037 2292 1076 2362 δὲ
1098 2290 1236 2381 ὑμῶνιι
1274 2331 1275 2381 η

234 2393 323 2481 οἶδα,
350 2389 396 2476 οἷς
420 2395 601 2466 καθεύδειν
627 2400 729 2481 ἔχοιτε
753 2393 860 2483 ὑμεῖς.

189 2501 225 2564 10
308 2494 408 2566 Ἀλλά
435 2500 540 2566 ταῦτα
565 2494 631 2585 γάρ
656 2495 754 2584 ὑμῶν
780 2500 978 2564 πονούντων
1002 2495 1059 2565 καὶ
1081 2503 1203 2566 ταλαι·
1273 2569 1274 2597 ¹

136 2671 138 2676 ,
234 2597 463 2686 πωρονμένων
491 2596 678 2685 ἐκτησάμην
704 2594 806 2678 αύτὺς
830 2594 965 2678 ἀπόνως
982 2598 1038 2666 καὶ
1058 2595 1203 2666 άταλαι-

234 2699 355 2788 πύρως
382 2697 609 2786 ἐξηγούμενος.
653 2697 711 2766 καὶ
735 2705 786 2777 τίς
810 2695 909 2787 ὑμῶν
935 2697 1084 2784 πονήσας
1103 2697 1204 2768 οἶδεν

233 2797 320 2886 ὑπὲρ
348 2801 428 2887 ἐμοῦ
455 2795 622 2886 μάλλον“
600 2826 622 2885 η
641 2797 705 2885 ἐγὺ
722 2797 809 2885 ὑπὲρ
829 2797 1022 2919 έκείνομ;”
1000 2826 1061 2886 αγε
1079 2797 1124 2886 δὴ
1141 2779 1273 2869 καὶιε

235 2898 301 2992 ὄτφ
319 2898 492 2987 τραύματα
509 2898 608 2987 ὑμῶν
627 2902 694 2968 ἐστι
710 2899 890 3028 γυμνάσας
905 2894 991 2968 αὑια
979 2899 1206 2980 ἐπιδειξάτω

201 3001 335 3070 εκιιὶ
319 2999 383 3088 εγαὶ
408 3000 450 3069 τά
478 2999 538 3086 ἐμά
566 3001 762 3082 έπιδείξω’
745 3027 782 3070 εν
805 3003 910 3090 μέρει
945 2998 990 3080 ὑς
1008 3007 1120 3088 έμοιγε
1137 2997 1208 3072 ούκ
1271 2987 1272 3027 ¹

236 3099 364 3172 ἔστιν”
346 3129 364 3172 ο
382 3128 413 3171 τι
430 3106 491 3172 τοῦ
508 3100 659 3189 σύματος
675 3107 744 3172 τῶν
760 3129 799 3188 γε
816 3101 858 3188 δη
877 3107 1069 3190 ἔμπροσθεν
1085 3107 1208 3192 μερῶν

233 3202 384 3294 άτρωτον
400 3199 645 3290 ὑπολέλειπται,
663 3201 745 3272 οὑδὲ
765 3199 868 3271 ὅπλον
885 3229 915 3272 τι
933 3208 1022 3272 ἔστιν
1039 3230 1061 3290 η
1043 3198 1114 3272 ’ἐκ
1132 3232 1208 3292 χει·
1270 3175 1271 3243 ί

234 3305 292 3394 ρὸς
317 3333 338 3392 η
365 3331 433 3373 των
459 3297 650 3392 ὑφιεμένων
676 3293 717 3374 οὑ
743 3329 781 3389 γε
807 3300 870 3372 οὑκ
896 3313 971 3392 λχνη
999 3304 1081 3372 ἐν’
1064 3313 1207 3397 εμαυτῷ
1221 3337 1241 3377 ιι

234 3407 341 3495 φέρω
380 3401 465 3474 άλλά
492 3405 548 3472 καὶ
565 3407 655 3493 ξίφει
673 3405 709 3474 έκ
726 3402 833 3492 χειρὸς
851 3403 1012 3493 τέτρωμαι
1030 3407 1088 3474 καὶ
1105 3410 1209 3476 τετύ-
1269 3419 1270 3459 ι

236 3509 353 3594 ξευμαι
377 3502 442 3593 ἤδη
469 3501 570 3573 καὶ’
552 3504 618 3574 απὸ
645 3511 794 3594 μηχανῆς
816 3505 990 3594 βέβλημαι,
1016 3505 1073 3574 καὶ
1090 3513 1211 3590 λίθοις
