2650 3948
217 254 240 323 γ
570 253 822 314 εεεωεοεεοο

179 410 196 475 l
293 397 434 484 Λέγεται
452 395 494 485 δὴ
511 402 675 478 Φίλιππος
692 395 755 485 μὲν
767 401 960 486 τελευτήσω
978 398 1032 468 ἐπὶ
1050 397 1172 487 ἀρχου-

217 526 273 580 τος
286 497 496 587 Πυθοδήμου
510 495 685 586 Ἀὣὶνησν
704 497 940 586 παραλαβόντα
953 498 991 568 δὲ
1003 497 1065 588 τὴν
1077 507 1171 587 βασι-

219 607 313 669 λείαν
333 595 569 688 Ἀλέξανδρον,
596 603 702 668 παῖδα
726 597 808 668 ὄντα
831 606 1020 687 Φιλίππου,
1047 603 1079 680 ἐς
1103 611 1174 671 Πε-

219 699 429 788 λοπόννησον
445 707 642 789 παρελθεῖν·
661 697 746 768 είναι
760 699 798 769 δέ
810 699 884 769 τότε
896 697 983 789 ἀμφὶ
996 699 1036 769 τά
1051 711 1176 771 εῖκοσιν

183 817 201 867 2
219 807 275 890 ἔτη
289 799 514 889 Ἀλέξανδρον.
551 801 701 870 ἐνταῦθα
717 799 949 888 ξυναγαγόντα
964 800 1175 890 τοάςἝλλη-
1203 833 1219 876 ε

218 931 279 984 νας
292 902 365 972 ὅσοι
378 901 470 982 ἐντός
480 900 742 990 Πελοποννήσου
754 893 841 990 ἦσαν
850 907 957 972 αίτεῖν
965 901 1046 991 παρ’
1061 899 1176 972 αὐτῶν

218 1003 282 1091 τήν
294 997 476 1092 ἡγεμονίαν
488 1009 546 1090 τῆς
560 1003 615 1071 ἐπὶ
626 1001 706 1084 τοδς
720 1002 854 1093 Πέρσας
868 1010 1038 1093 στρατιᾶς,
1057 999 1176 1092 ἥντινα

222 1111 378 1196 Φιλίππῳ
406 1102 471 1191 ἤδη
502 1109 639 1174 ἔδοσαν·
668 1105 726 1174 καί
748 1103 928 1191 αἰτήσαντα
952 1111 1068 1192 λαβεῖν
1092 1103 1173 1193 παρ’

222 1204 368 1276 ἑκάστων
392 1203 481 1292 πλὴν
504 1209 793 1292 Λακεδαιμονίων·
825 1210 1110 1294 Λακεδαιμονίους
1137 1206 1176 1275 δὲ

220 1304 466 1396 ἀποκρίνασθαι
492 1305 538 1395 μὴ
565 1302 656 1374 είναί
682 1325 776 1394 σφισι
804 1306 942 1396 πάτριον
971 1303 1175 1376 ἀκολουθεῖν
1190 1340 1218 1381 ιο

220 1407 348 1495 ἀλλοις,
373 1403 448 1476 ἀλλ’
473 1404 598 1486 ου’τοδς
621 1404 734 1475 ἀλλων
752 1408 949 1494 ἐξηγεῖσθαι.
984 1415 1178 1497 νεωτερίσαι

185 1508 260 1578 εδδ
277 1507 358 1578 ἀττα
383 1509 525 1576 καὶτῶν
539 1506 728 1591 Ἀθηναίων
744 1505 806 1595 τὴν
823 1508 936 1578 πόλιν.
966 1506 1051 1577 ἀλλά
1072 1507 1177 1595 Ἀθη·

220 1616 337 1690 ναίους
360 1636 400 1696 γε
422 1614 464 1698 τῇ
482 1608 597 1697 πρώτη
622 1606 733 1702 έφόδςο
755 1602 974 1698 Ἀλεξάνδρου
993 1610 1177 1696 ἐκπλαγέν-

219 1739 278 1792 τας
295 1710 351 1780 καὶ
368 1716 507 1778 πλείονα
520 1715 569 1778 ἐτι
582 1713 653 1778 τεόν
668 1715 825 1803 Φιλίππῳ
838 1712 1011 1780 δοθέντων
1020 1707 1177 1794 Ἀλεξάν-

221 1818 291 1905 δρῳ
321 1815 369 1891 είς
402 1809 501 1899 τιμὴν
535 1813 755 1899 ξυγχωρῆσαι.
807 1810 1035 1880 ἐπανελθόντα
1064 1811 1103 1880 δὲ
1144 1814 1177 1892 ἐς
1191 1843 1217 1884 ιι

222 1916 440 1984 Μακεδονίαν
467 1914 504 1981 ἐν
529 1916 724 2001 παρασκευῇ
749 1909 835 1981 εἶναι
851 1917 913 1981 τοῦ
936 1915 970 1994 ἐς
986 1910 1048 1999 τὴν
1063 1908 1177 1982 Ἀσίαν

222 2013 352 2084 στόλον.

186 2130 206 2182 4
288 2113 374 2202 ’Ἅμα
392 2113 429 2182 δὲ
445 2117 493 2206 τῷ
510 2104 566 2199 ἦρι
579 2111 731 2182 ἐλαύνειν
746 2114 803 2183 ἐπὶ
817 2113 961 2205 Θρᾴκης,
981 2115 1015 2194 ἐς
1033 2121 1177 2202 Τριβαλέ

222 2214 302 2296 λούς
315 2215 371 2283 καί
380 2211 574 2303 Ἰλλυριούς,
588 2211 641 2282 ὅτι
653 2240 689 2284 τε
697 2222 901 2304 νεωτερίζειν
914 2213 1058 2285 ἐπείθετο
1068 2211 1177 2286 Ἰλλυ-

223 2315 315 2406 ριοός
332 2315 437 2385 τεκαὶ
451 2313 669 2403 Τριβαλλούς,
688 2316 745 2384 καὶ
758 2314 825 2404 ἅμα
839 2309 984 2407 ὁμόρους
996 2314 1095 2397 ὄντας
1113 2314 1178 2386 οὐκ
1190 2347 1217 2389 εο

225 2417 332 2488 ἐδόκει
360 2410 607 2486 ἀπολείπεσθαι
636 2413 686 2484 ότι
714 2413 759 2504 μη
777 2417 885 2504 πάντη
913 2419 1178 2499 ταπεινωθέντας

189 2519 313 2588 σοίίτω
329 2515 462 2607 μακράν
485 2511 551 2585 ἀπό
575 2520 634 2602 τῆς
657 2521 782 2598 οίκείας
806 2517 1034 2606 στελλόμενον.
1071 2510 1178 2607 ὅρμη-

223 2619 328 2689 θέντα
351 2618 393 2706 δὴ
418 2619 450 2699 ἐξ
471 2615 700 2705 Ἀμφιπόλεως
725 2621 881 2706 ἐμβαλεῖν
905 2621 938 2699 ἐς
957 2617 1092 2709 Θρηίκην
1117 2618 1179 2706 τὴν

223 2724 292 2789 τοῖν
322 2715 520 2805 αὐτονόμων
553 2719 769 2805 καλουμένων
800 2724 959 2809 Θρᾳκῶν,
992 2726 1180 2800 Φιλίππους

225 2819 323 2890 πόλιν
342 2819 378 2888 ἐν
396 2813 553 2908 ἀριστερᾷ
571 2823 688 2907 έχοντα
708 2820 765 2888 καί
781 2818 843 2890 τόν
850 2815 1017 2909 Ὄρβηλον
1032 2819 1070 2889 τό
1090 2819 1178 2907 ὅρος.
1192 2849 1220 2892 ει

226 2919 342 3008 διαβάς
356 2918 395 2988 δὲ
407 2917 468 2988 τόν
477 2928 515 2989 Ν
515 2921 613 2988 έσσον
621 2918 771 3007 ποταμόν
784 2915 998 3008 λέγουσινὸτι
1008 2925 1180 3002 δεκαταῖος

193 3035 209 3085 ο
226 3020 363 3110 ἀφίκετο
382 3020 437 3089 ἐπὶ
452 3017 490 3088 τό
508 3018 585 3108 ὅρος
602 3017 663 3088 τόν
680 3018 800 3109 Αἶμον.
834 3021 892 3090 καὶ
904 3024 1052 3092 ἐνταῦθα
1069 3020 1180 3109 ἀπήν-

225 3151 294 3193 των
312 3115 405 3214 αότρῖ
422 3117 504 3190 κατά
522 3118 563 3188 τοὶ
577 3119 676 3190 στενοὶ
693 3126 754 3208 τῆς
768 3119 894 3192 ἀνόδου
909 3127 968 3210 τῆς
983 3123 1037 3192 έπλ
1050 3122 1088 3192 τό
1102 3121 1181 3213 ὅρος

224 3229 295 3293 τῶν
327 3249 363 3292 τε
388 3219 543 3310 ἐμπόρων
559 3222 677 3290 πολλοὶ
701 3215 900 3311 ότιλισμένοι
921 3223 978 3292 καὶ
1000 3228 1036 3293 οί
1052 3230 1182 3315 Θρᾷκες

226 3328 263 3395 οί
282 3320 479 3410 αὐτόνομοι,
508 3324 814 3411 παρεσκευασμένοι
836 3333 960 3413 είργειν
981 3329 1043 3392 τοῦ
1065 3325 1182 3415 πρόσω
1196 3353 1222 3396 ιο

226 3421 459 3512 κατειληφότες
475 3420 538 3510 τήν
550 3421 659 3512 ἄκραν
670 3429 732 3492 τοῦ
745 3433 858 3512 Αῖμου
871 3423 932 3493 τόν
948 3423 1080 3513 στόλον,
1099 3423 1180 3513 παρ’

190 3539 210 3590 '1
226 3522 267 3616 ἣν
285 3519 329 3615 ἦν
345 3530 392 3620 τῷ
410 3521 629 3616 στρατεύματι
650 3516 671 3612 ἡ
690 3523 844 3607 πάροδος.
877 3525 1120 3612 ξυναγαγόντες
1143 3527 1183 3598 δὲ
