2678 3950
227 231 290 294 253
581 226 832 284 εκεεεωιεοω
917 293 923 304 Ι

230 393 293 458 τού
326 391 466 475 αἵματος
491 386 547 454 καὶ
580 383 728 474 ἀθρόου,
764 379 818 453 ola
851 382 892 472 δὴ
923 384 987 466 ξύν
1012 384 1192 472 πνεύματι,

232 489 420 577 ἐκρυέντος,
440 486 567 574 δλιγγός
584 512 619 555 τε
637 483 744 556 αὐτόν
761 488 818 554 καὶ
836 493 1035 572 λειποψυχία
1052 488 1197 572 κατέσχε

230 591 287 659 καὶ
313 595 425 658 πίπτει
450 587 556 657 αύτού
577 586 632 656 ἐπὶ
648 586 710 674 τὴν
727 583 855 657 ἀσπίδα
872 584 1068 668 ξυννεύσας.
1095 597 1195 658 Πευ-

230 691 349 770 κέστας
386 688 424 759 δλ
459 686 596 775 περιβὰς
631 686 816 756 πεπτωκότι
841 689 898 756 καὶ
924 683 1103 777 ύπερσχάν
1128 687 1195 775 τὴν
1312 733 1313 740 1

233 790 327 879 ίεράν
353 789 415 878 τὴν
442 790 475 870 ἐξ
497 787 598 858 Ἰλίου
624 787 751 859 ἀσπίδα
776 787 842 878 πρὸ
869 782 973 857 αύτού
998 790 1055 857 καὶ
1081 797 1224 860 Λεον-ε

231 892 331 972 νότος
351 894 383 972 ές
397 890 437 959 τά
453 891 508 959 ἐπὶ
520 886 647 979 θάτερα
664 879 762 958 οὗτοί
770 916 806 958 τε
818 887 998 976 βάλλονται
1010 887 1197 979 ἀμφότεροι

232 993 287 1061 καὶ
309 989 525 1081 Ἀλέξανδρος
552 988 653 1078 έγγύς
671 980 713 1078 ἦν
730 987 794 1079 ἤδη
811 988 880 1059 ἀπό
898 995 960 1059 τού
977 995 1115 1079 αἵματος
1134 993 1195 1060 έκ-

197 1102 351 1164 ελιπείν.
391 1107 463 1173 τοῖς
494 1090 559 1179 γάρ
586 1090 763 1162 Μακεδόσι
794 1093 851 1160 καὶ
876 1088 982 1182 ταύτη
1010 1095 1047 1160 έν
1072 1087 1195 1184 ἀπόρῳ

232 1195 390 1283 γεγένητο
405 1192 446 1262 τά
473 1199 532 1281 τῆς
557 1197 745 1281 προσβολῆς
772 1189 823 1260 ότι
847 1196 883 1261 οί
897 1190 958 1261 τόν
971 1189 1195 1282 Ἀλέξανδρον
1312 1245 1313 1276 ;

232 1294 441 1386 βαλλόμενόν
466 1321 501 1364 τε
528 1294 582 1363 ἐπὶ
607 1298 655 1384 τῷ
680 1299 780 1380 τείχει
806 1292 935 1374 ίδόντες
958 1294 1014 1362 καὶ
1031 1297 1192 1382 πηδῶντα
1209 1324 1237 1364 ω

233 1407 313 1468 είσω
342 1399 374 1476 ές
400 1396 463 1483 τὴν
490 1394 609 1484 ἀκραν,
636 1392 705 1463 όπὸ
724 1399 874 1481 σπουδῆς
891 1421 927 1464 τε
943 1395 1001 1463 καὶ
1017 1394 1126 1482 φόβου
1144 1397 1193 1484 μή
1312 1471 1313 1478 ,

231 1525 264 1568 τι
289 1495 405 1577 αύτολς
424 1495 442 1566 ὁ
465 1493 623 1586 βασιλεύς
648 1494 744 1584 πύθη
762 1495 802 1564 ού
821 1495 884 1578 ξύν
900 1500 950 1588 νῷ
967 1495 1198 1584 κινδυνεύων,

232 1599 292 1680 τάς
326 1605 488 1687 κλίμακας
516 1595 766 1687 συντετριφότες
793 1595 887 1665 ἀλλοι
912 1593 1016 1676 ἀλλας
1041 1599 1193 1685 μηχανάς

235 1704 269 1782 ές
294 1699 332 1770 τό
360 1699 519 1769 ἀνελθεῖν
547 1698 602 1768 ἐπὶ
627 1697 664 1768 τό
691 1711 798 1785 τεῖχος
825 1695 869 1776 ἀς
897 1699 934 1765 έν
951 1691 1090 1786 ἀπόροις
1110 1701 1191 1786 ἐμη-

233 1804 402 1889 χανῶντο,
435 1805 472 1868 οί
494 1798 557 1887 μέν
582 1798 776 1879 πασσάλους
802 1797 1050 1885 ἐμπηγνύοντες
1086 1799 1119 1877 ές
1152 1799 1234 1868 τότε

233 1915 353 1989 τεῖχος,
371 1897 491 1987 γήϊνον
505 1899 558 1987 όν,
571 1899 723 1968 καὶκατὰ
736 1897 876 1979 τούτους
890 1897 1193 1989 ἐκκρεμαννύμενοι

234 2005 386 2089 χαλεπῶς
404 1998 579 2089 ἀνεῖρπον,
605 2005 642 2069 οί
656 2001 705 2086 δέ,
731 1997 825 2068 ἀλλοι
843 1997 898 2070 ἐπ’
918 1997 1041 2079 ἀλλους
1060 2001 1191 2087 έπιβαί-
1312 2079 1313 2092 ¹

199 2121 357 2182 ενοντες.
391 2097 468 2171 όδὲ
485 2107 617 2190 πρῶτος
635 2099 789 2170 ἀνελδων
808 2103 953 2188 ἐνρίπτει
971 2098 1091 2170 ἑαυτὸν
1108 2102 1193 2169 κατά
1312 2181 1313 2206 η

233 2207 295 2272 τού
308 2207 437 2290 τείχους
456 2203 489 2283 ἐς
506 2201 568 2289 τὴν
585 2200 695 2290 πόλιν,
714 2206 834 2290 ἵναπερ
850 2199 910 2270 τόν
927 2201 1063 2287 βασιλέα
1078 2200 1192 2291 ἑύρων
1312 2207 1313 2274 λ

234 2311 401 2394 κείμενον,
427 2301 491 2386 ξύν
517 2308 648 2391 οἰμωγῇ
674 2303 731 2371 καὶ
754 2298 936 2393 ἀλαλαγμῷ
954 2301 1086 2382 πάντες.
1125 2301 1190 2391 ἤδη
1205 2331 1233 2372 ιο
1312 2333 1313 2376 ι

234 2432 270 2475 τε
295 2402 381 2494 ἀμφ’
409 2401 503 2496 αύτῷ
520 2402 707 2473 πεπτωκότι
723 2401 866 2492 καρτερά
883 2403 972 2492 μάχη
989 2402 1194 2492 ξυνειστήκει
1312 2393 1313 2396 “

206 2557 207 2560 ¹
234 2506 338 2576 ἀλλον
358 2501 410 2575 ἐπ’
432 2503 524 2596 ἀλλμ
537 2510 606 2574 τῶν
619 2502 831 2574 Μακεδόνων
845 2511 1118 2594 προασπίζοντος,
1135 2507 1193 2574 κοιλ
1312 2497 1313 2508 ³

235 2605 407 2698 ἐντούτῳ
443 2609 479 2674 oc
507 2604 570 2693 μὲν
601 2605 662 2674 τὸν
687 2604 812 2694 μοχλόν
838 2603 904 2698 δεμ
930 2615 1033 2692 εἴχετο
1059 2604 1081 2693 ἡ
1107 2604 1193 2674 κατά
1312 2597 1313 2674 ἶ

232 2707 271 2776 τό
297 2705 523 2796 μεταπύργιον
558 2705 647 2793 πύλη
680 2713 938 2794 κατασχίσαντες
966 2699 1019 2774 ἐπ’
1054 2705 1193 2792 ὀλίγους

236 2807 426 2897 παρῄεσαν·
454 2811 492 2878 οί,
501 2806 539 2876 δὲ
552 2804 632 2875 καθ’
652 2803 671 2876 ὅ
688 2834 718 2876 τι
730 2806 752 2894 ἦ
765 2807 854 2894 πύλη
868 2807 974 2895 διέσχε
987 2806 1067 2887 τούς
1082 2806 1193 2895 ὤμους
1206 2835 1235 2876 τε
1312 2795 1313 2840 ¹

236 2907 423 2989 ὑποθέντες
440 2910 497 2977 καί
516 2905 661 2988 ἀσαντες
680 2909 713 2988 ές
734 2905 772 2976 τό
790 2917 869 2978 είσω
885 2910 945 2978 τοῦ
964 2914 1095 2996 τείχους
1113 2905 1194 2977 ἀνε-

239 3010 385 3079 πέτασαν
411 3008 519 3099 ταύτη
546 3007 606 3096 τὴν
633 3006 749 3099 ἀκραν.

174 3118 224 3182 1:11
310 3107 367 3181 Ἐν
392 3109 502 3202 τούτῳ
528 3108 566 3179 δὲ
592 3115 629 3179 οί
642 3110 705 3198 μέν
721 3115 869 3182 ἔκτεινον
885 3109 965 3192 τούς
980 3110 1119 3198 Ἰνδούς,
1136 3111 1194 3180 καί

238 3208 436 3282 ἀπόκτεινόν
461 3237 500 3298 γε
525 3209 654 3292 πάντας
680 3207 761 3282 ούδέ
784 3226 929 3298 γυναῖκα
946 3208 966 3299 ἢ
984 3218 1090 3282 παῖδα
1105 3209 1193 3284 ύπο-

238 3319 424 3395 λείποντες·
451 3317 488 3382 οί
503 3312 541 3382 δὲ
560 3312 716 3403 ἐξέφερον
728 3313 788 3382 τὸν
800 3314 937 3402 βασιλέα
953 3315 1007 3384 έπὶ
1020 3318 1079 3400 τῆς
1092 3309 1193 3380 ἀσπί-
1207 3339 1238 3382 ao

238 3419 296 3496 δος
327 3418 437 3495 κακοῖς
472 3419 608 3502 έχοντα,
641 3413 737 3484 οόπω
768 3413 1009 3500 γιγνώσκοντες
1034 3411 1196 3501 βιόσιμον

238 3513 330 3586 όντα.
374 3515 411 3586 τό
430 3514 468 3584 δέ
485 3518 581 3603 βέλος
599 3515 770 3596 ἐξελκύσαι
788 3517 823 3583 έκ
840 3517 900 3584 τοῦ
915 3513 1102 3605 τραύματος
1121 3515 1197 3584 έπι-
