2650 3948
209 257 252 324 48
563 261 813 318 ιεεεευεεοτ

209 399 337 471 νασσδν
355 395 592 471 ἀναπαύεσθαι
605 401 668 490 μέν
680 397 719 471 έν
731 407 937 492 μεσημβρίᾳ,
964 399 1118 489 χελιδόνα
1131 399 1170 472 δέ

209 503 443 592 περιπέτεσθαι
466 500 554 590 ύπὲρ
576 508 637 590 τῆς
659 506 806 590 κεφαλῆς
831 502 1020 592 τρύζουσαν
1043 501 1170 590 μεγάλα

210 607 266 673 καὶ
282 609 342 692 τῆς
360 601 460 692 εύνῆς
478 602 564 694 άλλη
581 604 638 673 καὶ
657 603 743 694 άλλη
762 601 983 690 ἕπικαθιῖειυ,
1009 609 1170 692 θορυβω-

176 706 367 795 ’ῖδέστερον
390 701 412 794 ῆ
435 705 519 774 κατά
542 703 579 774 τό
605 704 726 785 εἰωθός
751 703 913 796 ᾅδουσαν.
948 703 1008 774 τόν
1037 703 1076 774 δὲ
1098 702 1168 774 ύπδ

208 805 357 894 καμάτου
370 803 552 895 ἐγερθῆναι
564 806 627 894 μὲν
641 801 816 886 ἀδυνάτως
829 813 915 895 ἔχειν
925 802 1033 876 ἐκτού
1042 803 1168 896 ύτινου,
1195 834 1208 876 ε

209 907 452 998 ἐνοχλούμενον
465 906 504 976 δέ
516 907 598 995 πρὸς
610 913 669 995 τῆς
685 913 803 996 φωνῆς
819 913 861 997 τῆ
878 906 962 996 χειρὶ
980 903 1021 976 ού
1039 907 1169 995 βαρέως

208 1007 416 1096 ἀποσοβῆσαι
432 1007 494 1097 τὴν
510 1008 680 1097 χελιδόνα·
704 1006 767 1096 τὴν
780 1008 819 1078 δέ
831 1008 993 1078 τοσούτου
1008 1007 1074 1096 ἀρα
1088 1014 1166 1094 δεῆ-

209 1132 265 1181 σαι
274 1108 466 1199 ἀποφυγεῖν
474 1118 659 1198 πληγεῖσαν
669 1108 753 1179 ύστε
767 1111 821 1178 έπλ
832 1115 892 1198 τῆς
904 1115 1052 1199 κεφαλῆς
1065 1107 1170 1197 αὐτῆς

208 1215 269 1280 τοῦ
280 1209 498 1300 Ἀλεξάνδρου
512 1212 708 1301 καθημένην
721 1209 766 1300 μῆ
778 1209 930 1301 πρόσθεν
943 1208 1074 1280 ἀνεῖναι
1087 1211 1169 1300 πρὶν

174 1325 193 1377 8
210 1317 380 1394 παντελεῖς
397 1315 613 1403 ἐξεγερθῆναι
625 1310 855 1401 Ἀλέξανδρον.
877 1312 935 1382 καὶ
949 1309 1168 1400 Ἀλέξανδρος
1181 1341 1207 1383 ιο

209 1412 250 1483 ού
264 1420 397 1501 φαύλου
411 1414 630 1503 ποιησάμενος
642 1411 680 1483 τό
692 1420 753 1502 τῆς
766 1411 935 1501 χελιδόνος
945 1409 1169 1484 ἀνεκοίνωσεν

205 1512 430 1609 Ἀριστάυδρφ
447 1522 494 1608 τῷ
513 1524 698 1603 Τελμισσεῖ,
716 1513 845 1602 μάντει·
875 1507 1117 1602 Ἀρίστανδρου
1130 1514 1168 1585 δδ

209 1615 390 1705 έπιβουλῆν
406 1617 469 1704 μὲν
487 1624 523 1685 ἔκ
540 1644 600 1685 του
617 1622 687 1685 τόν
705 1624 816 1703 φίλων
834 1623 1057 1704 σημαίνεσθαι
1074 1614 1168 1706 αύτῷ

209 1725 333 1788 εἰπεῖν·
375 1724 598 1805 σημαίνεσθαι
623 1716 662 1787 δέ
683 1718 739 1786 καλ
765 1716 817 1786 ὅτι
841 1715 1036 1806 καταφανῆς
1067 1724 1166 1788 ἔσται.

207 1819 270 1905 τῆν
300 1817 365 1908 γάρ
395 1817 550 1906 χελιδόνα
580 1816 774 1907 σύντροφόν
795 1845 832 1887 τε
856 1817 941 1888 εἶναι
964 1817 1087 1908 ὄρνιθα
1110 1819 1205 1888 καλιε

210 1919 336 1990 εύνουν
349 1914 539 2011 ἀνθρώποις
552 1921 609 1989 καὶ
622 1918 726 1990 λάλον
739 1925 867 2008 μάλλον
880 1915 901 2008 ῆ
915 1918 1021 2010 ἀλλην
1034 1918 1165 2009 όρυιθα.

174 2035 192 2086 9
290 2021 403 2092 Ταῦτά
424 2049 462 2091 τε
482 2013 548 2091 ούν
564 2022 621 2091 καὶ
637 2020 678 2114 τά
695 2018 763 2091 ἀπό
787 2027 848 2091 τοῦ
866 2025 1002 2113 Πέρσου
1027 2021 1166 2105 ξυνθεὶς

208 2122 330 2212 πέμπει
347 2121 392 2204 ὡς
411 2130 635 2211 Παρμενίωνα
649 2121 858 2212 Ἀμφοτερόν
873 2123 933 2192 τόν
947 2122 1166 2212 Ἀλεξάνδρου

208 2224 270 2312 μέν
295 2229 410 2312 παῖδα,
435 2221 584 2311 ἀδελφόν
608 2224 647 2295 δέ
669 2225 853 2314 Κρατέρου.
900 2225 956 2293 καὶ
980 2225 1167 2313 ξυμπέμπει

209 2321 301 2418 αύτῷ
329 2331 398 2395 τῶν
420 2333 601 2413 Περγαίων
623 2326 714 2406 τιυάς
736 2324 799 2412 τῆν
821 2322 904 2394 ὁδόν
925 2319 1165 2415 ἡγησομένους.
1179 2353 1205 2396 ιο
1309 2369 1310 2397 ι

207 2427 264 2495 καὶ
287 2419 306 2494 δ
328 2424 530 2516 Ἀμφοτερδς
554 2425 677 2516 στολῆν
701 2425 802 2507 ἐνδύς
826 2424 1019 2516 έπιχύριον,
1053 2424 1098 2508 ολς
1121 2425 1166 2514 μῆ

208 2525 374 2615 γυάριμος
392 2526 478 2597 εἶναι
495 2529 577 2598 κατά
595 2527 657 2616 τῆν
675 2525 768 2612 ὁδόν,
787 2527 949 2598 λανθάνει
966 2525 1166 2617 ἀφικόμενος

159 2641 191 2693 10
208 2626 298 2717 παρά
322 2637 561 2717 Παρμενίωνα·
604 2630 660 2699 καὶ
690 2629 866 2717 γράμματα
892 2629 955 2718 μέν
979 2627 1020 2698 ού
1044 2636 1167 2717 κομίζει

207 2725 289 2817 παρ’
326 2724 563 2819 Ἀλεξάνδρου·
613 2728 653 2799 ού
690 2729 754 2817 γάρ
784 2733 877 2813 ἔδοξε
905 2729 1047 2819 γράφειν
1077 2727 1166 2818 ύπὲρ

208 2827 348 2912 ούδενδς
360 2831 514 2901 τοιούτου
529 2833 561 2910 ές
574 2829 611 2900 τδ
627 2831 787 2919 ἐμφανές·
814 2830 855 2899 τά
874 2830 912 2901 δὲ
929 2829 995 2902 ἀπό
1013 2831 1166 2919 γλιόσσης
1178 2859 1203 2902 τε
1307 2827 1308 2841 ’

207 2936 243 3002 οί
266 2932 484 3020 ἐντεταλμένα
509 2931 682 3019 ἐξήγγειλε.
717 2932 773 3001 καλ
796 2931 885 3002 οὕτω
903 2933 1167 3021 ξυλλαμβάνεται

208 3031 226 3102 ὁ
241 3027 458 3121 Ἀλέξανδρος
475 3025 573 3114 ούτος
590 3035 647 3102 καὶ
665 3037 702 3104 έν
719 3038 856 3123 φυλακῇ
873 3025 926 3121 ῆν.

156 3142 199 3208 26
283 3131 499 3224 Ἀλέξανδρος
522 3133 561 3204 δὲ
578 3133 662 3225 ἀρας
681 3138 717 3204 έκ
736 3139 925 3223 Φασηλίδος
942 3135 1042 3224 μέρος
1058 3135 1121 3223 μέν
1138 3163 1166 3203 τι

206 3239 265 3321 τῆς
288 3239 441 3323 στρατιάς
464 3233 519 3305 διά
540 3238 608 3304 των
632 3235 723 3322 ὀρῶν
747 3237 867 3323 πέμπει
885 3235 940 3304 ἐπὶ
957 3237 1111 3326 Πέργης,
1143 3228 1166 3325 ῆ

208 3335 499 3422 ολδοπεποιῆκεσαν
512 3335 603 3430 αύτῷ
622 3342 657 3406 οί
669 3341 798 3429 Θρᾷκες
816 3336 965 3426 χαλεπῆν
982 3337 1091 3417 άλλως
1109 3339 1165 3405 καί
1178 3365 1204 3408 ιι

206 3435 338 3524 μακράυ
367 3428 475 3506 οὖσαν
500 3437 563 3526 τῆν
594 3438 759 3528 πάροδον
804 3435 907 3517 αύτός
931 3436 969 3506 δέ
992 3436 1083 3527 παρά
1105 3437 1168 3527 τῆν
1304 3455 1305 3466 ’

205 3537 385 3608 θάλασσαν
415 3538 470 3608 διά
491 3542 552 3608 τοῦ
576 3545 728 3630 αἰγιαλοῦ
750 3530 812 3629 ῆγε
835 3534 915 3619 τούς
938 3535 1023 3628 ἀμφ’
1050 3537 1167 3612 αύτόν.
