2678 3950
231 242 296 308 200
588 241 839 300 ελυεευιοον

110 412 115 422 “
234 404 431 488 ἐλέφαντας·
465 403 521 470 καὶ
548 400 612 470 δῦο
638 401 701 489 μέν
726 397 844 469 αῦτῶν
870 398 1077 470 ἀπόλλυνται
1103 410 1191 470 κατιὶ

233 508 385 590 κρημνοῦ
410 507 499 588 σφᾶς
517 504 677 589 ῥίψαντες
702 503 738 570 ἐν
762 504 804 591 τῆ
830 501 950 587 διώξει,
974 505 1011 570 ολ
1032 501 1070 570 δὲ
1093 499 1194 572 ἄλλοι

233 605 482 691 ξυλληφθέντες
501 603 623 690 ἔφερόν
638 629 673 671 τε
688 603 768 682 τοῦς
788 600 940 690 ἅμβιὶτας
959 602 1016 670 καὶ
1029 606 1070 690 τῆ
1086 623 1192 690 στρα-

233 709 285 794 τιᾷ
298 703 551 786 ξυνετάσσοντο.
580 705 651 773 ἐπεὶ
665 703 773 772 δὲκαὶ
786 701 853 792 ῦλη
869 706 1040 793 ἐργασίμῳ
1056 704 1193 790 ἐνέτυχε

232 807 323 894 παρὰ
350 806 411 873 τόν
437 805 600 892 ποταμόν,
625 805 681 872 καὶ
705 801 791 891 αῦτη
810 803 912 891 ἐκόπη
931 802 1026 895 αῦτςῦ
1042 803 1111 873 ῦπό
1130 808 1191 891 τῆς
1218 829 1233 868 ε

235 908 388 995 στρατιᾶς
407 908 464 975 καλ
481 909 568 985 ναῦς
588 905 802 993 ἐποιήθησαν.
839 905 896 974 καὶ
913 894 1012 974 αῦται
1028 905 1112 973 κατολ
1129 904 1191 974 τόν

231 1006 340 1078 Ἰνδὸν
360 1007 511 1095 ποταμόν
538 1005 663 1094 ἤγοντο.
684 1004 729 1086 ω’ς
749 1006 805 1076 ἐπλ
821 1005 883 1092 τῆν
901 1007 1055 1093 γέφυραν
1072 1003 1191 1092 ἥντινα

229 1106 436 1232 Ἡφαιστίων
469 1110 525 1181 καλ
552 1111 743 1196 Περδίκκας
778 1103 870 1199 αὐτῷ
906 1106 1193 1198 ἐξῳκοδομηκότες

234 1209 337 1277 πόλαι
363 1229 459 1295 ησαν.

612 1355 812 1365 —--

565 1535 858 1620 APPIANOY

370 1704 681 1780 ΑΝΑΒΑΣΕΩΣ
706 1703 1052 1786 ΑΛΕΞΑΝΔΡΟΤ

526 1872 679 1925 Rumon
695 1873 890 1925 Πυαυοου.

196 2022 210 2083 l
306 2009 370 2083 Ἐν
394 2011 431 2080 δέ
454 2018 497 2100 τῇ
521 2011 614 2103 χόρα
630 2013 756 2102 ταῦτη,
786 2012 903 2100 ῆντινα
927 2011 1050 2099 μεταξῦ
1075 2019 1137 2083 τοῦ
1155 2041 1191 2083 τε
1203 2045 1228 2084 ιο

236 2118 402 2201 Κωφῆνος
420 2115 478 2181 καλ
494 2117 554 2182 τοῦ
567 2112 678 2182 Ἰνδοῦ
699 2119 849 2200 ποταμοῦ
871 2116 1017 2199 ἐπῆλθεν
1033 2113 1190 2198 Ἀλέξαν-

236 2219 329 2302 δρος,
354 2215 411 2283 καλ
438 2215 561 2285 Νῦσαν
588 2213 687 2283 πόλιν
713 2219 878 2284 οἰκεῖσθαι
904 2216 1055 2301 λέγουσι·
1088 2217 1125 2285 τό
1152 2216 1189 2285 δὲ

234 2321 356 2402 κτίσμα
395 2312 482 2384 εἶναι
514 2315 703 2384 Διονῦσου·
732 2315 905 2386 Διόνυσον
931 2314 969 2384 δέ
994 2321 1104 2384 κτίσαι
1129 2315 1189 2404 τῆν

237 2421 360 2488 Νῦσαν
385 2419 459 2486 ἐπεί
480 2443 515 2485 τε
528 2415 660 2496 Ἰνδοῦς
685 2417 894 2503 ἐχειρώσατο,
921 2414 1011 2495 ὅστις
1030 2415 1072 2502 δῆ
1090 2407 1189 2498 οὗτος

235 2517 253 2585 ὁ
272 2517 441 2598 Διόνυσος
459 2519 516 2586 καὶ
534 2515 635 2586 ὁπότε
657 2513 678 2603 ῆ
696 2516 778 2586 ὅθεν
797 2515 849 2584 ἐπ’
865 2515 994 2596 Ἰνδοῦς
1013 2517 1187 2601 ἐστρότευ-
1202 2547 1225 2587 ιι

202 2639 217 2686 2
236 2637 309 2688 σευ·
337 2616 378 2686 οῦ
402 2621 466 2705 γὰρ
485 2624 549 2704 ἔχω
567 2625 753 2705 συμβαλεῖν
771 2625 803 2688 εί
820 2617 837 2684 ὁ
858 2625 1003 2706 Θηβαῖος
1022 2618 1189 2698 Διόνυσος

237 2722 274 2788 ἐκ
292 2723 414 2807 Θηβῶν
431 2715 454 2807 ῆ
472 2722 507 2788 ἐκ
538 2721 680 2806 Τμείλου
702 2723 766 2788 τοῦ
789 2724 922 2790 Λυδίου
946 2718 1109 2807 ὁρμηθεὶς
1134 2719 1185 2789 ἐπ’

232 2819 362 2899 Ἰνδοῦς
376 2810 434 2905 ἧκε
447 2821 606 2906 στρατιὰν
619 2819 726 2906 ἄγων,
739 2822 886 2888 τοσαῦτα
898 2818 961 2906 μέν
972 2826 1054 2908 ἔθνη
1068 2821 1189 2909 μάχιμα

235 2921 292 2988 καὶ
319 2918 475 3004 ἄγνωστα
492 2935 562 3000 τοῖς
580 2919 654 2988 τότε
662 2919 818 3007 Ἕλλησιν
837 2918 1000 3007 ἐπελθών,
1028 2919 1131 2990 οὐδὲν
1153 2922 1189 2990 δέ

236 3018 319 3088 ἄλλο
346 3019 461 3088 αῦτῦν
488 3017 539 3089 ότι
564 3019 608 3108 μῆ
641 3020 679 3088 τό
701 3019 819 3089 Ἰνδῶν
845 3027 905 3110 βίᾳ
930 3023 1224 3109 χειρωσόμενος·εο

235 3120 323 3206 πλήν
356 3147 395 3206 γε
426 3121 468 3208 δὴ
501 3117 551 3190 ὅτι
582 3120 645 3191 οῦκ
671 3119 791 3210 ἀκριβῆ
819 3121 992 3208 ἐξεταστὴν
1017 3122 1080 3210 χρῆ
1105 3121 1189 3192 εἶναι

237 3226 306 3290 τῦν
333 3219 421 3308 ῦπλρ
447 3223 509 3290 τοῦ
542 3228 640 3292 θείου
677 3223 712 3290 ἐκ
739 3227 884 3290 παλαιοῦ
914 3225 1188 3311 μεμυθευμένων.

235 3322 276 3392 τό
295 3322 358 3411 γάρ
376 3350 426 3391 τοι
442 3323 525 3391 κατὰ
538 3323 575 3392 τό
595 3321 685 3402 εἰκός
704 3324 892 3403 ξυντιθέντι
908 3321 948 3392 οῦ
968 3324 1078 3410 πιστοί,
1103 3327 1189 3392 ἐπει-

236 3425 302 3492 δὰν
333 3423 372 3492 τδ
406 3422 507 3493 θεῖόν
539 3450 586 3503 τις
621 3427 755 3512 προσθῆ
790 3426 838 3515 τῷ
872 3422 974 3515 λόγῳ,
1008 3423 1048 3491 οῦ
1084 3424 1188 3511 πόντη

236 3524 358 3593 ἄπιστα
384 3533 549 3610 φαίνεται.
1200 3552 1223 3592 τε
