2650 3948
231 263 275 327 20
584 261 833 319 ΑΛΕΞΑΝΔΡΟΤ

230 401 325 484 ταιάς
343 409 533 490 άναστήσαί
552 405 663 472 τεκαὶ
689 410 826 491 τειχίσαι
843 409 879 472 οί
901 401 1065 492 ξύμμαχοι
1082 408 1191 489 έγνοε-

233 527 307 574 σαν.

185 615 226 680 10
306 603 357 687 Ἐς
375 604 414 674 δὲ
430 602 511 684 τούς
528 603 652 686 άλλονς
667 603 830 694 Ἕλληνας
853 599 899 685 ώς
923 607 1105 692 ἐξηγγέλθη
1122 609 1192 674 τών

236 712 393 794 Θηβαίων
409 705 447 775 τό
465 706 592 793 πάθος,
612 704 769 794 Ἀρκάδες
791 705 854 794 μὲν
877 705 949 774 ὅσοι
965 704 1192 793 βοηθήσοντες

236 815 393 897 Θηβαίοις
411 804 477 876 άπὸ
494 812 553 894 τῆς
566 813 692 888 οἰκείας
710 805 917 896 ώρμήθησαν
929 806 1080 877 θάνατον
1092 831 1190 876 κατε·
1204 829 1220 872 ι

235 917 427 997 ψηφίσαντο
452 911 521 976 τών
548 908 743 995 ἐπαράντων
768 911 856 995 σφάς
883 911 916 988 ἐς
939 908 1003 995 τήν
1019 907 1191 995 βοήθειαν.

231 1008 355 1080 Ἡλείοι
372 1010 410 1080 δέ
426 1006 507 1090 τούς
525 1009 681 1096 φυγάδας
699 1015 796 1097 σφών
809 1009 1037 1095 κατεδέξαντο,
1055 1008 1105 1077 ὅτι
1118 1011 1192 1077 έπι-

202 1110 359 1198 ετήδειοι
390 1109 598 1203 Ἀλεξάνδρῳ
625 1103 728 1198 ήσαν·
768 1110 916 1180 Αίτωλοί
946 1109 984 1178 δέ
1014 1116 1193 1198 πρεσβείας

237 1219 334 1300 σφῶν
350 1210 433 1282 κατά
457 1217 541 1300 ἔθνη
559 1213 747 1299 πέμψαντες
765 1210 962 1299 ξυγγνώμης
979 1225 1093 1298 τυχεῖν
1116 1212 1192 1279 ἐδέ-

237 1339 331 1401 οντο,
356 1312 405 1382 ὅτι
421 1313 478 1382 καί
499 1309 600 1381 αάτοί
614 1340 644 1380 τι
667 1311 751 1399 πρδς
774 1310 814 1380 τά
833 1311 924 1400 παρά
947 1317 1016 1380 τών
1035 1317 1193 1398 Θηβαίων
1207 1338 1234 1378 ιο

237 1411 493 1502 ἀπαγγελθέντα
507 1415 738 1500 ἐνεωτέρισαν·
750 1410 924 1500 Ἀθηναῖοι
936 1414 985 1500 δέ,
999 1419 1193 1502 μυστηρίων

236 1520 305 1584 τών
322 1515 477 1604 μεγάλων
494 1513 670 1602 άγομένων
688 1511 733 1594 ώς
749 1505 833 1600 ήκόν
850 1541 936 1594 τινες
952 1517 1021 1583 τών
1035 1521 1194 1601 Θηβαίων

238 1618 271 1698 ἐξ
294 1614 401 1686 αὐτοῦ
418 1621 480 1684 τοῦ
498 1621 617 1701 ἔργον,
643 1613 684 1682 τά
705 1614 768 1702 μὲν
793 1611 957 1704 μυστήρια
975 1617 1193 1701 ἐκπλαγέντες

239 1718 404 1802 ἐξέλιπον,
439 1717 475 1784 ἐκ
501 1715 540 1784 δέ
562 1720 631 1785 τών
654 1713 769 1805 άγρῶν
793 1715 1048 1802 ἐσκευαγώγουν
1073 1719 1106 1797 ἐς
1129 1715 1193 1804 τήν

204 1829 221 1878 8
238 1817 345 1887 πόλιν.
371 1815 389 1884 ὁ
406 1821 511 1904 δήμος
530 1816 568 1886 δὲ
585 1821 618 1896 ές
636 1820 815 1904 ἐκκλησίαν
832 1811 1012 1886 σννελθών
1028 1817 1192 1906 Δημάδου
1207 1845 1234 1886 ιι

237 1917 428 2006 γράψαντος
446 1920 527 1986 δέκα
544 1920 696 2006 πρέσβεις
715 1921 751 1986 ἐκ
767 1918 904 1987 πάντων
920 1921 988 1986 τών
1002 1915 1193 2006 Ἀθηναίων

239 2017 471 2106 ἐπιλεξάμενος
505 2023 625 2108 πέμπει
658 2017 749 2108 παρά
782 2017 1002 2109 Ἀλέξανδρον
1036 2019 1193 2101 οὕστινας

239 2119 526 2207 ἐπιτηδειοτάτους
536 2117 742 2212 Ἀλεξάνδρφ
757 2123 974 2208 ἐγίγνωσκον,
992 2119 1043 2190 ὅτι
1058 2149 1094 2191 τε
1107 2127 1193 2202 σώος
1309 2157 1310 2170 ¹

239 2223 272 2302 ἐξ
294 2217 466 2309 Ἰλλυριών
488 2222 545 2290 καί
576 2227 771 2310 Τριβαλλῶν
790 2224 960 2310 ἐπανῆλθε
985 2229 1111 2310 χαίρειν
1134 2221 1193 2291 τὸν

238 2327 347 2410 δήμου
362 2328 432 2390 τοῖν
451 2320 643 2410 Ἀθηναίων
660 2321 723 2390 οώκ
741 2325 777 2391 ἐν
797 2328 902 2416 καιρῷ
919 2317 1193 2410 άπαγγελοῦντας
1206 2352 1235 2393 ω

204 2424 295 2492 maz
318 2423 369 2492 ὅτι
388 2429 557 2511 Θηβαίους
579 2426 640 2492 τοῦ
660 2429 882 2513 νεωτερισμοῦ
907 2424 1138 2512 ἐτιμωρήσατο.
1174 2423 1193 2494 δ
1309 2437 1310 2496 λ

239 2526 278 2594 δὲ
302 2523 342 2594 τά
364 2524 426 2613 μέν
452 2522 538 2592 άλλα
555 2523 804 2612 φιλανθρώπως
821 2523 905 2613 πρὸς
927 2524 990 2613 τήν
1012 2533 1194 2613 πρεσβείαν

240 2623 459 2714 ἀπεκρίνατο,
491 2623 666 2712 έπιστολήν
690 2625 728 2694 δὲ
749 2625 880 2714 γράψας
901 2625 985 2713 πρὸς
1008 2625 1068 2695 τόν
1085 2627 1194 2716 δῆμον
1309 2651 1310 2716 3

240 2725 346 2814 έξήτει
363 2725 442 2804 τοάς
461 2723 547 2812 άμφὶ
566 2727 792 2814 Δημοσθένην
814 2726 871 2794 καὶ
888 2733 1105 2816 Λυκοῦργον·
1136 2729 1194 2796 καὶ

236 2821 430 2913 Ὑπερείδην
447 2825 485 2894 δὲ
499 2825 603 2914 ἐξήτει
618 2827 673 2894 καὶ
687 2825 903 2897 Πολώενκτον
915 2828 972 2896 καὶ
984 2829 1120 2916 Χάρητα
1137 2831 1193 2898 καί
1207 2859 1234 2900 ω

240 2932 437 3016 Χαρίδημον
453 2926 510 2994 καὶ
529 2924 703 3014 Ἐφιάλτην
724 2928 781 2996 καί
799 2928 958 3016 Διότιμον
981 2931 1038 2998 καὶ
1061 2941 1194 3020 Μοιρο-
1309 3009 1310 3020 ,

207 3029 336 3096 ὖκλὲα·
354 3025 495 3107 τούτους
517 3025 583 3117 γάρ
601 3033 727 3108 αίτίους
752 3027 838 3098 εἶναι
860 3035 919 3117 τής
941 3057 978 3100 τε
1001 3027 1040 3100 ἐν
1059 3042 1194 3122 Χαιρω-
1309 3061 1310 3064 ’

240 3135 316 3219 νείμ
333 3130 507 3217 ξυμφορᾶς
523 3134 566 3218 τή
583 3128 678 3198 πόλει
698 3131 877 3218 γενομένης
893 3131 949 3198 καὶ
966 3137 1034 3200 τών
1051 3133 1195 3224 ὕστερον

240 3224 297 3298 ἐπὶ
309 3235 350 3319 τῇ
367 3236 535 3300 Φιλίππου
548 3235 685 3320 τελευτή
700 3232 1007 3318 πλημμεληθέντων
1024 3240 1058 3315 ἐς
1075 3263 1111 3304 τε
1128 3235 1194 3304 αὖ·
1309 3231 1310 3276 ί

240 3328 302 3400 τδν
318 3331 375 3399 καὶ
393 3329 427 3410 ἒς
446 3338 629 3402 Φίλιππον·
656 3331 713 3399 καὶ
737 3338 895 3419 Θηβαίοις
912 3333 951 3402 δὲ
967 3340 1025 3422 τῆς
1043 3333 1193 3406 άποστά-
1205 3365 1232 3407 εν
1309 3361 1310 3386 ¹

241 3454 324 3512 σεως
342 3429 526 3520 άπέφαινεν
543 3437 672 3512 αἰτίους
690 3427 730 3500 οὗ
749 3448 844 3520 μεῖον
860 3427 882 3520 ή
899 3431 979 3515 τούς
996 3434 1111 3505 αάτών
1125 3447 1194 3526 Θη-
1309 3491 1310 3514 ff

208 3546 224 3594 6
241 3541 348 3622 βαίων
361 3538 631 3624 νεωτερίσαντας.
660 3528 832 3620 Ἀθηναῖοι
850 3535 888 3604 δὲ
900 3535 978 3617 τούς
991 3537 1053 3625 μέν
1066 3537 1194 3631 ἄνδρας
