2664 3946
494 237 679 291 ιαεεεειε
696 241 722 304 ε,
740 241 781 291 ει.
1083 237 1124 304 91

166 375 331 470 ἐντούτῳ
354 375 496 465 μάλιστα
520 375 587 448 άπδ
611 383 673 448 τοῦ
699 380 755 449 ἐπὶ
771 378 899 469 θάτερα
918 381 977 466 τῆς
994 378 1124 461 πόλεως

164 483 326 550 ναυτικοῦ
353 480 409 550 ἐπὶ
431 479 494 566 τήν
525 479 652 568 σκηνήν
675 479 857 571 άπεχτόρει,
888 481 1159 570 πληρτόσαντεςυ

165 581 338 670 πεντήρεις
361 580 425 669 μὲν
441 595 532 670 τρεῖς
548 583 606 650 καὶ
622 581 789 672 τετρήρεις
808 592 900 670 ίσας,
922 584 1067 673 τριήρεις
1085 583 1125 653 δδ

168 682 250 752 ἑπτά
269 681 314 762 ὥς
333 681 579 772 ἀκριβεστάτοις
602 709 638 752 τε
654 700 727 764 τοῖς
751 682 947 773 πληρώμασι
969 687 1028 754 καλ
1053 699 1125 765 τοῖς

138 783 233 854 εάπδ
258 786 329 852 τῶν
352 784 644 873 καταστρωμάτων
661 785 830 873 μάχεσθαι
846 787 1027 873 μέλλουσιν
1044 784 1124 855 εόο·

166 884 343 965 πλοτάτοις
360 885 418 954 καὶ
435 882 503 973 ἅμα
516 887 573 954 καλ
591 883 871 976 εὐθαρσεστάτοις
886 889 920 967 ἐς
936 887 1019 966 τούς
1036 914 1124 957 ναν-

165 987 281 1067 τικούς
294 985 442 1074 άγῶνας,
459 985 500 1054 τά
514 986 576 1074 μὲν
589 993 706 1076 πρῶτα
719 986 846 1076 άτρέμα
859 991 901 1077 τῇ
921 995 1049 1078 εἰρεσίᾳ
1068 991 1125 1058 ἐπὶ

165 1092 243 1176 μιᾶς
257 1088 342 1168 νετδς
358 1089 512 1170 ἐξέπλεον
526 1085 609 1157 άνευ
622 1093 812 1158 κελευστῶν
820 1088 879 1168 τὰς
888 1089 1004 1170 νάπας
1014 1114 1124 1180 παρα·

167 1188 345 1278 φέροντες·
373 1188 418 1269 άς
431 1188 470 1258 δὲ
485 1190 690 1278 ἐπέστρεφον
703 1188 767 1278 ήδη
783 1191 839 1258 ἐπὶ
851 1190 932 1270 τούς
946 1199 1125 1280 Κυπρίους

127 1319 154 1359 ιο
165 1293 225 1360 καὶ
244 1291 345 1378 ἐγγύς
357 1293 419 1362 τοῦ
433 1296 648 1380 καθορᾶσθαι
663 1282 762 1378 ἦσαν,
778 1291 853 1360 τότε
867 1291 909 1378 δή
927 1291 989 1372 ξύν
1006 1295 1071 1381 βοή
1090 1318 1126 1361 τε

167 1397 276 1481 πολλῇ
286 1394 344 1462 καὶ
355 1397 564 1484 ἐγκελευσμῷ
580 1395 615 1472 ἐς
624 1391 791 1480 ἀλλήλους
799 1394 856 1461 καὶ
866 1389 935 1480 ἅμα
943 1395 984 1480 τῇ
996 1400 1125 1484 εἰρεσίᾳ

166 1493 321 1586 ξυντόνῳ
340 1495 551 1582 ἐπεφέροντο.
1002 1497 1007 1505 ’

242 1596 376 1684 Ξυνέβη
402 1593 440 1663 δὲ
470 1597 581 1683 ἐκείνη
609 1594 673 1683 μέν
702 1599 744 1683 τῇ
767 1593 875 1684 ήμέρᾳ
903 1592 1124 1683 Ἀλέξανδρον
1132 1598 1176 1663 22

167 1695 382 1785 ἀποχωρῆσαι
395 1697 451 1765 ἐπὶ
464 1695 525 1782 τήν
539 1697 678 1784 σκηνήν,
693 1695 734 1765 ού
749 1700 973 1786 διατρίψαντα
987 1694 1026 1764 δὲ
1038 1696 1123 1764 κατὰ

129 1822 155 1864 ιε
166 1797 205 1866 τό
220 1797 344 1879 εἰωθός
351 1851 361 1887 ,
385 1795 425 1866 δι’
445 1796 565 1884 ὀλίγον
585 1799 641 1866 ἐπὶ
663 1796 724 1876 τάς
746 1802 834 1877 ναῦς
853 1801 1062 1868 ἐπανελθεῖν.
1091 1802 1158 1866 οί2

169 1898 207 1970 δὲ
231 1899 346 1988 Τύριοι
362 1897 607 1988 προσπεσόντες
625 1896 881 1987 άπροςδοκήτως
903 1915 978 1980 ταῖς
999 1901 1126 1968 ναυσὶν

166 2000 371 2089 ὁρμούσαις,
390 2001 448 2068 καὶ
465 2016 540 2079 ταῖς
557 1997 620 2086 μέν
639 1999 747 2088 πάντη
765 2015 880 2082 κεναῖς
899 2000 1125 2089 ἐπιτυχόντες,

167 2105 236 2170 τῶν
254 2100 286 2171 δ’
306 2101 367 2172 ὑπ’
388 2099 495 2188 αύτήν
508 2100 570 2189 τήν
587 2102 672 2190 βοήν
689 2103 746 2170 καὶ
763 2101 824 2170 τόν
839 2105 1008 2172 ἐπίπλουν
1025 2110 1125 2188 χαλε-

168 2208 240 2283 πῶς
259 2206 381 2273 ἐκτῶν
398 2201 577 2291 παρόντων
601 2204 863 2291 πληρουμένων,
886 2202 948 2290 τήν
971 2229 1007 2272 τε
1025 2214 1125 2274 Πνυ-

129 2332 155 2374 κο
168 2303 316 2392 ταχόρου
329 2309 390 2374 τοῦ
405 2305 567 2392 βασιλέως
580 2304 727 2394 πεντήρη
745 2303 854 2384 εὐθύς
866 2302 936 2374 ύπό
950 2308 991 2392 τῇ
1006 2304 1124 2392 κράτη

169 2410 294 2494 ἐμβολή
308 2407 499 2476 κατέδυσαν
516 2407 573 2474 καὶ
596 2405 659 2492 τήν
679 2404 921 2495 Ἀνδροκλέους
938 2408 999 2473 τοῦ
1020 2403 1125 2492 Ἀμα-

166 2514 315 2576 θοοσίου
337 2508 395 2576 καλ
418 2507 482 2592 τήν
506 2505 742 2595 Πασικράτους
766 2509 827 2574 τοῦ
850 2503 1040 2594 Κουριέως,
1063 2505 1125 2586 τάς

169 2607 208 2677 δέ
225 2604 328 2687 ἄλλας
347 2610 382 2687 ἐς
398 2607 460 2676 τόν
477 2605 634 2693 αἰγιαλόν
653 2607 860 2688 ἐξωθοῦντες
879 2613 1030 2676 ἔκοπτον.

240 2706 459 2798 Ἀλέξανδρος
473 2712 510 2778 δε
524 2705 570 2786 εδς
587 2705 713 2796 ᾔσθετο
725 2707 787 2777 τόν
803 2713 950 2777 ἔκπλουν
966 2711 1036 2777 τῶν
1055 2715 1124 2778 Τν-
1142 2711 1159 2762 ⁸

129 2834 156 2876 ει
170 2816 255 2898 ρίων
270 2813 429 2898 τριηρῶν,
445 2807 504 2888 τὰς
521 2807 584 2897 μέν
601 2808 728 2889 πολλάς
744 2812 814 2878 τῶν
831 2808 895 2890 ξύν
912 2807 1006 2900 αύτῷ
1023 2811 1126 2895 νεῶν,

167 2907 258 2990 ὅπως
274 2911 393 3000 ἑκάστη
407 2919 613 2999 πληρωθείη,
632 2912 689 2980 ἐπὶ
701 2913 748 3001 τῷ
765 2909 901 2998 στόματι
913 2915 974 2980 τοῦ
993 2912 1126 2997 λιμένος

166 3010 394 3099 ἀνακωχεύειν
418 3011 550 3100 ἔταξεν,
576 3010 622 3092 τός
647 3011 692 3100 μή
710 3014 767 3080 καλ
785 3009 883 3080 άλλαι
907 3011 1125 3082 ἐκπλεύσειαν

166 3117 235 3182 τῶν
265 3121 401 3204 Τυρίων
424 3117 518 3200 νήες·
550 3112 656 3194 αύτός
681 3112 720 3181 δὲ
737 3113 909 3204 πεντήρεις
926 3139 962 3182 τε
978 3112 1037 3193 τὰς
1061 3111 1125 3194 ξύν

167 3213 261 3306 αὐτῷ
280 3212 461 3304 άναλαβοδν
477 3215 535 3284 καὶ
552 3219 622 3282 τῶν
638 3217 783 3302 τριηρῶν
803 3217 836 3294 ἐς
853 3216 953 3284 πέντε
969 3213 1125 3302 μάλιστα,

130 3313 244 3385 κόσοι
259 3322 413 3405 ἔφθησαν
431 3313 525 3407 αύτῷ
542 3315 627 3384 κατὰ
639 3314 739 3402 τάχος
757 3323 998 3405 πληρωθεῖσαι,
1012 3314 1128 3402 περιέ-

169 3423 243 3486 πλει
267 3417 331 3505 τήν
360 3416 459 3486 πόλιν
486 3414 531 3497 ύς
563 3417 619 3486 ἐπὶ
648 3414 731 3496 τούς
759 3416 1026 3494 ἐκπεπλευκότας
1056 3419 1128 3482 τῶν

174 3526 318 3607 λυρίων.
353 3523 390 3588 οί
404 3523 442 3587 δε
459 3515 526 3586 άτιδ
551 3520 612 3585 τοῦ
637 3524 790 3604 τείχους,
813 3516 873 3586 τόν
896 3544 933 3587 τε
957 3521 1158 3586 ἐπίπλουνι
