2678 3950
514 211 693 266 ιυεεεειε
711 216 735 274 5,
755 221 778 270 ι,
1064 216 1124 280 201

242 365 300 449 Ὡς
318 368 356 438 δὲ
376 369 475 457 ἐπέβη
493 371 535 457 τῇ
555 369 656 460 Νάση
668 367 902 456 Ἀλέξανδρος,
921 372 1126 459 ἐκπέμπουσι
1142 391 1158 438 ³

171 468 253 557 παρ’
281 469 387 539 αὐτόν
413 475 449 538 οί
473 479 619 540 Νυσαῖοι
644 470 705 539 τὸυ
730 471 987 558 κρατιστεύοντα
1014 476 1124 562 σφῶν,

171 569 278 658 ὄνομα
296 570 333 640 δὲ
350 563 392 659 ἦν
409 569 687 662 αότρῖ”Ακουφις,
705 574 762 641 καὶ
779 570 843 652 ξόυ
859 571 952 664 αὐτῷ
970 575 1124 662 πρέσβεις

170 672 240 742 των
259 670 493 760 δοκιμωτάτων
510 673 704 759 τριάκοντα,
730 675 951 761 δεησομένους
968 673 1121 757 Ἀλεξάν-

146 780 256 863 ιδρου
274 770 411 861 ἀφεῖναι
427 778 473 864 τῷ
490 778 560 863 θεῷ
579 774 641 859 τὴν
664 773 771 843 πόλιν.
819 782 1000 862 παρελθεῖν
1023 801 1059 845 τε
1080 774 1158 863 ’δὴε

173 877 206 955 ἐς
231 873 293 962 τὴν
320 873 446 962 σκηνὴν
464 873 528 961 τὴν
542 872 763 962 Ἀλεξάνδρου
786 875 867 955 τούς
891 877 1044 965 πρέσβεις
1068 880 1125 946 καί

170 982 370 1063 καταλαβεῖν
396 975 588 1062 καθήμενον
610 976 823 1064 κεκονιμένον
846 982 893 1044 ἔτι
910 979 946 1045 ἐκ
963 983 1024 1064 τῆς
1041 976 1124 1047 ὁδοῦ

171 1077 234 1158 ξόν
251 1092 322 1157 τοῖς
341 1075 455 1156 ὅπλοις
472 1091 543 1157 τοῖς
560 1103 595 1146 τε
612 1074 724 1156 άλλοις
748 1077 805 1144 καί
822 1078 860 1145 τό
883 1077 1006 1165 κράνος
1031 1105 1125 1168 περι-

171 1185 327 1267 κείμενον
344 1179 401 1246 καὶ
419 1179 456 1247 τό
474 1177 560 1265 δόρυ
579 1183 713 1265 ἔχοντα·
745 1182 922 1266 θαμβῆσαί
936 1205 972 1248 τε
990 1180 1126 1261 ἰδόντας

133 1307 157 1346 ιο
170 1281 232 1366 τὴν
249 1277 329 1359 ὄψιν
345 1281 402 1348 καὶ
421 1279 583 1359 πεσόντας
602 1281 634 1359 ἐς
652 1281 716 1368 γῆν
734 1280 789 1347 ἐπὶ
807 1279 893 1348 πολι)
913 1278 1009 1367 σιγὴν
1029 1287 1124 1367 ἔχειν.

171 1379 217 1460 τίς
237 1380 275 1450 δὲ
298 1381 496 1468 ἐξανέστησέ
516 1407 551 1449 τε
578 1378 706 1460 αότοός
724 1376 939 1468 Ἀλέξανδρος
958 1381 1014 1448 καὶ
1034 1393 1125 1469 θαρ·

172 1497 244 1566 ρεῖν
270 1483 431 1574 ἐκέλευσε,
465 1481 540 1550 τότε
572 1485 613 1569 δη
646 1481 706 1550 τόν
737 1480 902 1569 ’Ἄκουφιν
937 1479 1125 1570 άρξάμενον

173 1584 282 1668 λέγειν
309 1578 384 1650 ὦδε.

240 1675 281 1752 Ὠ
306 1684 457 1770 βασιλεῦ,
490 1682 628 1752 δέονταί
655 1703 717 1752 σου
743 1693 890 1754 Νυσαῖοι
917 1685 1010 1752 ε’άσαι
1036 1689 1158 1771 σφάςε

133 1809 157 1850 ιε
173 1785 372 1871 ἐλευθέρους
389 1811 424 1853 τε
444 1785 500 1852 καὶ
523 1781 734 1872 αὐτονόμους
753 1788 848 1854 αἰδοῖ
865 1789 928 1852 τοῦ
942 1783 1124 1854 Διονάσου.

173 1885 342 1966 Διόνυσος
365 1885 429 1972 γάρ
449 1883 559 1972 ἐπειδὴ
576 1883 818 1973 χειρωσάμενος
835 1885 872 1954 τό
887 1883 1006 1953 Ἰνδῶν
1025 1891 1125 1968 ἔθνος

173 1987 227 2055 ἐπὶ
244 1985 422 2056 θάλασσαν
440 1983 549 2056 ὀπίσω
566 1986 681 2076 κατῄει
697 1987 759 2072 τὴν
773 1980 978 2073 Ἑλληνικήν,
1003 1988 1039 2054 ἐκ
1056 1993 1125 2054 των

172 2084 356 2175 ἀπομάχων
369 2089 592 2177 στρατιωτῶν,
611 2095 648 2158 οἳ
660 2086 702 2174 δὴ
716 2089 773 2156 καὶ
782 2087 907 2174 Βάκχοι
920 2085 1012 2177 αὐτῷ
1028 2079 1124 2175 ἦσαν,

172 2196 270 2272 κτίζει
287 2188 349 2276 την
367 2187 467 2258 πόλιν
483 2188 584 2274 τήνδε
601 2188 821 2277 μνημόσυνον
837 2193 896 2275 τῆς
914 2187 1021 2256 αὑτοῦ
1036 2189 1124 2256 πλά-

133 2313 159 2354 ιο
172 2316 233 2376 νης
250 2315 284 2357 τε
302 2291 358 2358 καὶ
378 2297 477 2376 νίκης
490 2305 561 2370 τοῖς
576 2295 686 2359 ἔπειτα
702 2290 873 2376 ἐσόμενον,
892 2287 1046 2377 καθάπερ
1060 2281 1124 2357 οὖν

171 2391 228 2458 καὶ
255 2389 297 2458 σά
326 2389 429 2470 αὐτὸς
453 2389 706 2480 Ἀλεξάνδρειάν
731 2417 768 2459 τε
796 2397 924 2468 ἔκτισας
950 2389 1012 2476 τὴν
1039 2389 1123 2477 πρὸς

172 2490 344 2583 Καυκάσῳ
362 2489 432 2580 ὄρει
448 2493 504 2559 καὶ
519 2490 888 2579 άλληνἈλεξάνδρειαν
903 2493 940 2558 ἐν
953 2492 994 2578 τῇ
1010 2497 1123 2576 Αἰγυ-

172 2599 279 2660 πτίων
304 2595 369 2680 γῇ,
395 2595 453 2660 καὶ
478 2589 582 2672 άλλως
599 2590 725 2672 πολλάς
743 2590 802 2671 τάς
820 2590 882 2680 μὲν
901 2597 1029 2670 ἔκτισας
1047 2589 1123 2680 ἤδη,

171 2693 231 2772 τάς
253 2691 291 2761 δὲ
304 2695 360 2762 καὶ
374 2701 497 2773 κτίσεις
507 2691 572 2761 άνά
591 2692 734 2781 χρόνον,
753 2688 809 2762 οἷα
831 2691 873 2780 δὴ
886 2699 1026 2761 πλείονα
1040 2707 1123 2764 Διο-

132 2821 158 2862 εε
171 2794 281 2863 νόσου
302 2800 382 2881 ἔργα
403 2792 671 2882 άποδειξάμενος.
707 2793 830 2865 Νάσάν
849 2819 884 2862 τε
904 2782 968 2862 οὖν
989 2792 1124 2863 ἐκάλεσε
1141 2821 1156 2869 ς

170 2897 231 2983 την
258 2894 356 2964 πόλιν
374 2894 392 2964 ὁ
413 2895 581 2974 Διόνυσος
607 2895 662 2964 ἐπὶ
687 2901 746 2983 τῆς
770 2898 899 2984 τροφοῦ
928 2900 987 2982 τῆς
1005 2895 1124 2982 Νόσης

171 2997 228 3066 καί
246 2995 308 3083 τὴν
329 2995 443 3084 χάραν
462 3003 638 3067 Νυσαίαν·
665 2996 704 3064 τό
724 2996 762 3066 δὲ
783 2994 860 3083 όρος
875 2993 894 3064 ό
907 3022 938 3064 τι
955 3020 1018 3084 περ
1037 3004 1123 3082 πλη-

171 3105 246 3167 σίον
273 3099 341 3167 ἐστί
365 3102 422 3184 τῆς
447 3096 576 3177 πόλεως
594 3099 768 3166 καὶτοῦτο
786 3097 910 3184 Μηρόν
929 3095 1124 3184 ἐπωνόμασε

173 3199 352 3285 Διόνυσος,
378 3195 429 3267 ὅτι
446 3199 488 3287 δὴ
516 3198 599 3268 κατά
618 3198 679 3266 τὸν
696 3203 810 3286 μῦθον
829 3202 866 3266 ἐν
883 3199 978 3288 μηρῷ
997 3203 1045 3289 τῷ
1061 3202 1123 3266 του

133 3325 158 3366 ιι
172 3301 254 3379 Διὸς
266 3298 409 3387 ηὐξήθη.
451 3301 508 3369 καί
526 3303 561 3369 ἐκ
575 3299 699 3368 τοάτου
717 3299 900 3388 ἐλευθέραν
915 3324 951 3366 τε
966 3303 1124 3385 οἰκοῦμεν

170 3401 232 3487 τὴν
249 3405 373 3470 Νῦσαν
390 3402 448 3469 καὶ
466 3400 563 3470 αὐτοὶ
584 3399 766 3488 αάτόνομοι
781 3399 837 3468 καὶ
853 3401 889 3467 ἐν
902 3397 1018 3489 κόσμῳ
1029 3406 1124 3466 πολι-

171 3499 342 3581 τεόοντες·
370 3506 430 3586 τῆς
456 3501 493 3570 δὲ
521 3505 558 3572 ἐκ
583 3501 757 3570 Διονόσου
786 3507 939 3580 οἰκίσεως
965 3501 1022 3566 καί
1048 3498 1124 3568 τόδε
