2590 3948
247 234 310 300 328
601 233 852 295 ΔΛΕΞΑΝΔΡΟΤ

247 397 306 464 καλ
325 393 419 464 οἶνον
438 394 523 464 κατὰ
543 392 664 480 λόχους
682 395 739 462 καὶ
762 393 973 475 ἑκατοστύας.
1012 391 1083 463 ἀπὸ
1102 391 1213 462 δὲτού

249 496 354 566 πότου
375 491 483 565 αύτδν
495 495 558 584 μέν
570 494 844 565 ἀπαλλάττεσθαι
858 497 987 566 ἐθέλειν
1000 495 1057 564 ἐπὶ
1071 500 1214 562 κοιτῶνα

249 597 337 667 εἰσὶν
360 604 396 668 οἳ
418 596 627 685 ἀνέγραψαν·
668 595 803 682 Μήδιον
828 596 867 666 δὲ
893 594 988 688 αύτῷ
1016 594 1212 681 ἐντυχόντα,

250 701 319 766 τῶν
334 700 475 786 ἑταίραν
489 701 526 766 ἐν
542 702 591 789 τῷ
609 695 684 766 τότε
695 697 757 766 τόν
775 697 1023 785 ποθεινότατον,
1050 699 1213 785 δεηθῆναι

250 799 402 887 κωμάσαι
419 798 509 886 παρά
528 794 576 868 ολ·
603 799 761 884 γενέσθαι
773 797 840 886 γάρ
853 795 897 868 ἀν
910 797 999 886 ἡδύν
1010 799 1073 868 τόν
1087 803 1232 886 κῶμον.ε

194 909 240 975 ἳῧ
327 903 397 972 Καὶ
415 906 455 969 αί
468 907 630 989 βασίλειοι
648 903 846 990 ἐφημερίδες
864 889 930 970 ῶδε
949 907 1078 986 έχουσι·
1107 906 1214 968 πίνειν

251 1002 341 1090 παρὰ
355 1006 480 1093 Μηδίῳ
494 1000 601 1070 αύτδν
618 1001 834 1088 κωμάσαντα·
863 1007 974 1071 ἔπειτα
988 999 1215 1080 ἐξαναστάντα

251 1106 308 1173 καὶ
341 1102 551 1190 λουσάμενον
584 1101 767 1172 καθεύδειν
791 1129 827 1172 τε
852 1105 909 1170 καλ
936 1092 1037 1181 αὖθις
1065 1107 1214 1172 δειπνεῖν

250 1205 340 1293 παρὰ
357 1209 483 1296 Μηδίῳ
508 1205 566 1274 καὶ
592 1195 693 1282 αὖθις
710 1211 822 1272 πίνειν
839 1202 954 1292 πόρρω
970 1207 1040 1272 τῶν
1057 1206 1214 1273 νυκτῶν·

251 1304 509 1391 ἀπαλλαχθέντα
528 1304 566 1374 δέ
582 1310 644 1372 τοῦ
657 1303 765 1374 πότου
783 1305 988 1374 λούσασθαι·
1014 1305 1073 1372 καὶ
1088 1305 1213 1374 λουσά-
1225 1329 1238 1368 ο

250 1435 352 1496 μενον
376 1406 494 1493 ὀλίγον
519 1432 551 1476 τι
569 1408 733 1493 ἐμφαγεῖν
750 1408 808 1474 καὶ
825 1405 1006 1476 καθεύδειν
1022 1405 1154 1494 αὐτοῦ,
1172 1405 1217 1474 ὅτι

217 1509 314 1598 ἓὴδη
340 1507 534 1597 ἐπύρεσσεν.
579 1509 821 1593 ἐκκομισθέντα
847 1507 885 1575 δὲ
912 1508 968 1576 ἐπὶ
991 1515 1114 1594 κλίνης
1133 1507 1216 1596 πρδς

249 1611 291 1680 τδι
325 1608 397 1697 ίεριὶ
431 1613 535 1678 θῦσαι
571 1606 617 1687 ῶς
642 1609 746 1696 νόμος
772 1607 828 1696 ἐφ’
859 1607 982 1698 ἑκάστη
1007 1606 1137 1699 ἡμέρα,
1165 1611 1217 1678 καὶ

249 1712 292 1781 τά
319 1711 393 1798 ίερά
421 1711 579 1780 ἐπιθέντα
604 1719 824 1778 κατακεῖσθαι
851 1713 888 1778 ἐν
904 1715 953 1802 τῷ
971 1708 1129 1798 ἀνδρῶνι
1150 1717 1218 1780 ἐστε

252 1815 307 1882 ε’πλ
326 1814 461 1896 κνέφας.
502 1810 663 1901 ἐντούτῳ
681 1809 720 1880 δέ
736 1825 807 1890 τοῖς
819 1807 957 1900 ἡγεμόσι
968 1816 1241 1899 παραγγέλλεται

251 1913 336 2000 ὑπὲρ
362 1915 421 2000 τῆς
447 1918 583 1999 πορείας
606 1913 664 1980 καὶ
682 1917 744 1980 τοῦ
762 1915 863 1998 πλού,
889 1912 970 1992 τούς
987 1911 1051 2000 μὲν
1068 1911 1119 1994 ῶς
1142 1917 1218 2001 πεζῇ
1262 1953 1263 1958 1

254 2014 368 2092 ἰόντας
381 2014 689 2098 παρασκευάζεσθαι
702 2016 735 2092 ἐς
748 2012 911 2100 τετάρτην
924 2013 1066 2103 ἡμέραν,
1081 2016 1175 2095 τούς
1188 2015 1219 2083 δὲ

252 2115 321 2202 ἅμα
350 2109 386 2182 οἷ
414 2115 576 2193 πλέοντας
608 2112 654 2193 ῶς
686 2119 734 2193 είς
768 2117 921 2204 πέμπτην
946 2118 1219 2203 αλευσομένους.

217 2219 384 2286 δέκεῖθεν
410 2214 448 2284 δέ
472 2221 759 2302 κατακομισθῆναι
786 2217 841 2285 ἐπὶ
866 2222 924 2303 τῆς
949 2223 1067 2302 κλίνης
1096 2245 1148 2298 αις
1169 2218 1219 2286 ἐπὶ

249 2319 311 2388 τδυ
326 2316 489 2405 ποταμόν,
505 2319 562 2386 καὶ
581 2318 744 2406 ἐπιβάντα
758 2325 879 2386 πλοίου
895 2321 1097 2386 διαπλεῦσαι
1110 2319 1244 2407 πέρανε

250 2425 310 2489 τοῦ
329 2424 481 2506 ποταμοῦ
497 2422 530 2498 ἐς
544 2419 603 2486 τὸν
620 2418 839 2505 παράδεισον,
855 2416 954 2487 κάκεῖ
968 2409 1071 2498 αὖθις
1087 2419 1220 2488 λουσά-

250 2547 352 2609 μενον
366 2519 613 2589 ἀναπαύεσθαι.
642 2523 677 2600 ἐς
694 2519 733 2588 δὲ
745 2518 808 2606 τὴν
821 2519 1006 2608 ὑστεραίαν
1018 2520 1224 2591 λούσασθαί

250 2649 286 2692 τε
312 2613 414 2702 αὖθις
446 2624 503 2692 καὶ
535 2625 640 2692 θῦσαι
672 2621 714 2688 τά
740 2621 951 2709 νομιζόμενα·
989 2621 1049 2690 καὶ
1075 2629 1130 2702 είς
1160 2623 1222 2708 τὴν

251 2724 405 2813 καμάραν
432 2723 628 2794 είσελθόντα
652 2731 869 2790 κατακεῖσθαι
894 2727 1223 2810 διαμυθολογοῦντα

251 2825 337 2912 πρδς
364 2823 514 2910 Μήδιον·
547 2832 769 2913 παραγγεῖλαι
802 2822 840 2890 δέ
874 2825 931 2892 καλ
955 2837 1027 2903 τοῖς
1052 2823 1250 2911 ἡγεμόσινὸ

217 2945 234 2990 4
251 2924 438 3012 ἀπαντὴσαι
464 2927 579 2994 ἕωθεν.
623 2927 733 2992 ταύτα
756 2923 928 3009 πράξαντα
945 2929 1126 3010 δειπνῆσαι
1146 2924 1224 2996 όλί-

251 3045 329 3113 γον·
355 3026 558 3114 κομισθέντα
572 3024 610 3093 δέ
623 3017 725 3104 αὖθις
740 3027 773 3104 ἐς
786 3025 847 3110 τὴν
860 3025 1015 3114 καμάραν
1028 3027 1225 3114 πυρέσσειν

251 3126 315 3216 ἤδη
346 3129 494 3212 ξυνεχῶς
528 3125 590 3213 τὴν
621 3126 727 3194 νύκτα
758 3123 856 3214 ὅλην·
903 3129 945 3216 τῇ
978 3125 1016 3196 δέ
1048 3125 1227 3220 δστεραίᾳ

251 3228 440 3299 λούσασθαι
466 3232 523 3296 καὶ
549 3226 758 3315 λουσάμενον
777 3230 891 3297 θῦσαι.
937 3228 1082 3320 Νεάρχῳ
1103 3231 1146 3298 δὲ
1166 3233 1227 3299 καὶ

250 3343 320 3409 τοῖς
338 3326 451 3406 ἀλλοις
468 3326 608 3414 ἡγεμόσι
623 3337 845 3414 παραγγεῖλαι
863 3326 903 3395 τδι
918 3326 1005 3415 ἀμφὶ
1022 3329 1085 3396 τὸν
1105 3338 1257 3401 πλούνν

253 3427 344 3508 ὅπως
362 3434 454 3497 ἔσται
472 3431 505 3508 ἐς
522 3435 638 3514 τρίτην
656 3426 794 3515 ἡμέραν.
837 3434 879 3517 τῇ
893 3427 930 3497 δὲ
947 3427 1117 3520 ὑστεραίᾳ
1135 3433 1229 3500 λού-

253 3538 379 3596 σασθαι
410 3521 510 3609 αὖθις
528 3528 584 3596 καλ
601 3531 706 3597 θῦσαι
722 3527 763 3596 τά
780 3530 976 3617 τεταγμένα,
1002 3533 1060 3599 καί
1077 3530 1124 3598 τά
1146 3533 1231 3624 ίερά
