2664 3946
207 236 251 302 92
562 233 814 295 ειεειυιεοο

206 382 276 449 τῶν
294 383 464 466 πολεμίων
476 377 668 458 κατιδόντες
681 379 739 447 καί
753 376 974 465 Ἀλέξανδρον
988 376 1094 447 αάτδν
1109 378 1165 448 ἐπί

205 485 275 549 τῶν
297 485 404 568 νεῶν,
426 483 490 568 βοῆ
515 506 551 548 τε
575 479 755 565 ἐπανάγειν
781 479 1014 549 ἐνεκελεύοντο
1037 494 1109 559 τοῖς
1129 483 1165 548 ἐκ

205 587 276 650 τιῦν
293 582 466 671 σφετέρων
482 583 571 650 νεῶν
588 582 646 650 καὶ
669 579 715 660 ἀς
733 577 798 649 οῦκ
816 581 1018 660 ἐξακουστὸν
1034 571 1076 668 ῆν
1093 579 1163 650 άπδ

205 681 361 772 θορόβου
380 683 613 769 ξυνεχομένων
633 685 735 774 ἐντῷ
756 687 862 773 έργρι,
886 690 1033 771 σημείοις
1051 680 1164 764 ἀλλοις

206 785 265 852 καλ
282 781 394 864 ἀλλοις
414 783 600 854 ἐπεκάλουν
619 786 652 864 ές
669 783 731 870 τήν
744 781 964 873 ἀναχιόρησιν.
993 788 1030 854 οί
1044 783 1083 852 δὲ
1100 781 1167 865 ὀψέ
1188 811 1202 854 ε

207 910 287 954 ποτε
302 884 500 974 αἰσθόμενοι
509 883 570 953 τόν
585 888 751 955 ἐπίπλουν
763 889 833 953 τῶν
846 883 931 973 ἀμφ’
943 883 1165 974 Ἀλέξανδρον

173 1001 189 1051 ο
206 986 482 1075 ὑποστρέψαντες
499 993 548 1066 είς
565 985 627 1055 τόν
644 985 762 1074 λιμένα
789 992 943 1074 ἔφευγον.
977 987 1035 1054 καί
1053 984 1165 1074 ὀλίγαι

206 1087 269 1176 μὲν
293 1091 362 1156 τῶν
384 1092 473 1158 νεῶν
496 1087 691 1175 φθάνουσιν
714 1085 994 1174 ὑπεκφυγοῦσαι,
1024 1103 1099 1168 ταῖς
1126 1086 1165 1156 δέ

206 1197 358 1259 πλείοσιν
373 1192 578 1278 ἐμβαλοῦσαι
590 1194 629 1259 αί
639 1189 705 1270 ξῦν
716 1187 925 1281 Ἀλεξάνδρῳ
938 1189 1000 1270 τάς
1018 1188 1081 1276 μὲν
1098 1186 1165 1258 αῦ-

205 1295 276 1359 τῶν
289 1289 419 1371 ἄπλους
438 1294 619 1379 ἐποίησαν,
637 1289 801 1378 πεντήρης
819 1292 861 1360 δέ
872 1317 922 1370 τις
934 1292 992 1360 καὶ
1004 1291 1164 1380 τετρήρης
1178 1315 1203 1359 ιι

205 1389 321 1461 αὐτῶν
337 1390 392 1461 ἐπ’
412 1389 505 1482 αὐτῷ
519 1395 566 1481 τῷ
580 1391 719 1479 στόματι
731 1395 792 1460 τοῦ
808 1391 941 1479 λιμένος
956 1392 1162 1480 ἐλήφθησαν.

206 1493 312 1580 φόνος
330 1491 369 1561 δὲ
390 1496 460 1560 τῶν
480 1495 646 1580 ἐπιβατῶν
671 1491 712 1562 οῦ
732 1491 840 1571 πολῦς
860 1494 999 1578 ἐγένετο.
1033 1492 1079 1572 οῦς
1096 1493 1164 1581 γάρ

205 1592 355 1684 ᾔσθοντο
374 1594 533 1681 ἐχομένας
546 1593 607 1674 τάς
623 1600 710 1674 ναῦς
728 1591 937 1680 ἀπενήξαντο
950 1592 991 1663 οά
1011 1597 1164 1680 χαλεπῶς

207 1699 241 1776 ἐς
258 1695 317 1764 τὸν
336 1696 461 1782 λιμένα.

171 1809 187 1858 6
278 1795 334 1875 Ὡς
359 1795 398 1864 δὲ
423 1794 565 1884 οῦδεμία
590 1802 638 1866 ἔτι
660 1811 732 1876 τοῖς
762 1803 898 1884 Τυρίοις
923 1799 959 1866 ἐκ
982 1797 1051 1863 τάν
1075 1800 1163 1865 νεῶν
1177 1824 1202 1866 ιι
1320 1873 1323 1894 Ἰ

205 1895 348 1984 ἀφέλεια
365 1888 420 1984 ῆν,
440 1900 565 1984 ἐπῆγον
588 1895 652 1985 ῆδη
670 1903 707 1966 ολ
721 1897 919 1976 Μακεδόνες
935 1896 996 1976 τάς
1013 1896 1163 1986 μηχανάς
1322 1901 1323 1904 ’

204 2003 252 2090 τῷ
268 2006 368 2084 τείχει
380 1996 484 2089 αὐτῷ.
512 1999 596 2066 κατά
614 1998 677 2086 μέν
691 1999 733 2085 δή
747 1998 785 2066 τό
804 2003 901 2086 χῶμα
915 1999 1165 2088 προσαγόμεναι

205 2101 261 2169 διά
282 2099 382 2186 ίσχῦν
399 2103 461 2168 τοῦ
480 2107 613 2186 τείχους
631 2098 735 2168 ον’δέν
757 2096 865 2187 ῆνυον
884 2099 904 2168 ό
928 2126 959 2168 τι
975 2101 1033 2168 καὶ
1058 2099 1163 2186 λόγου

203 2200 311 2282 ἀξιον·
338 2205 375 2270 oc
389 2199 428 2269 δέ
445 2201 530 2269 κατά
547 2200 585 2268 τό
606 2200 692 2290 πρός
707 2205 846 2270 Σιδῶνα
863 2201 1091 2290 τετραμμένον
1105 2206 1163 2288 τῆς

203 2303 333 2382 πόλεως
346 2305 415 2370 τῶν
432 2307 520 2372 νεῶν
532 2328 625 2381 τινας
638 2306 707 2370 τῶν
719 2301 969 2391 μηχανοφόρων
983 2308 1161 2392 προςῆγον.
1174 2330 1202 2372 ιο

169 2417 185 2467 ι
204 2403 250 2484 ιδς
268 2404 306 2473 δὲ
325 2401 407 2473 οῦδδ
424 2403 532 2492 ταότη
549 2401 668 2490 ῆννεν,
688 2406 722 2484 ἐς
738 2404 777 2471 τὸ
795 2403 879 2491 πρὸς
898 2403 1001 2472 νότον
1019 2396 1063 2473 αῦ
1083 2402 1162 2473 ἀνε-

202 2531 267 2592 μον
283 2507 341 2574 καλ
359 2504 444 2593 πρὸς
458 2515 636 2591 Αἴγυπτον
649 2503 772 2592 ἀνέχον
788 2519 899 2590 τεῖχος
913 2505 1038 2593 μετήει,
1053 2506 1162 2594 πάντη

202 2604 474 2694 ἀποπειριόμενος
503 2610 564 2675 τοῦ
598 2612 709 2696 ἔργον.
755 2606 812 2673 καί
844 2609 995 2675 ἐνταῦθα
1026 2611 1163 2696 πρῶτον

201 2714 400 2795 κατεσείσθη
418 2733 454 2776 τε
477 2707 515 2775 τό
543 2722 650 2793 τεῖχος
671 2707 727 2776 ἐπὶ
745 2707 832 2794 μέγα
849 2714 910 2776 καί
923 2733 955 2775 τι
978 2709 1036 2776 καὶ
1060 2733 1163 2796 κατη-

203 2815 329 2896 ρείφθη
347 2806 453 2877 αὐτοῦ
480 2807 705 2896 παραρραγέν.
743 2807 818 2876 τότε
834 2807 897 2895 μὲν
922 2813 964 2895 δή
983 2805 1064 2877 ὅσον
1090 2812 1162 2878 ἐπι·
1176 2833 1203 2877 ιο

202 2908 318 2998 βαλάν
334 2899 524 2996 γεφόραςή
541 2908 697 2997 ἐρήριπτο
709 2913 771 2978 τοῦ
789 2916 935 2997 τείχους,
954 2907 1163 2998 ἀπεπειράθη

205 3013 239 3090 ἐς
256 3009 373 3095 ὀλίγον
389 3012 449 3096 τῆς
463 3014 669 3098 προσβολῆς·
687 3011 745 3079 καί
763 3014 800 3079 oc
816 3011 932 3100 Τόριοι
950 3009 991 3079 οῦ
1009 3016 1164 3098 χαλεπῶς

203 3109 458 3196 ἀπεκρούσαντο
475 3111 558 3191 τοῦς
577 3111 790 3192 Μακεδόνας.

153 3217 194 3284 23
284 3218 388 3300 Τρίτη
403 3210 442 3280 δέ
456 3210 522 3281 ἀπὸ
536 3213 661 3302 ταότης
673 3212 782 3304 ῆμέρη
795 3220 938 3302 νηεμίαυ
957 3240 993 3283 τι
1011 3214 1165 3302 φυλάξας

201 3313 259 3381 καὶ
277 3314 511 3401 παρακαλέσας
534 3315 615 3394 τοῦς
639 3313 807 3402 ἡγεμόνας
829 3319 899 3382 τῶν
923 3315 1050 3396 τάξεων
1075 3319 1108 3396 ἐς
1126 3317 1164 3386 τδ
1179 3343 1205 3385 ιο

203 3418 303 3499 ἔργον
329 3415 431 3501 ἐπῆγε
453 3419 495 3502 τῆ
520 3415 618 3484 πόλει
644 3417 699 3484 ἐπὶ
717 3417 786 3482 τῶν
809 3419 897 3484 νεῶν
919 3417 980 3497 τάς
1004 3417 1164 3506 μηχανάς.

201 3516 259 3582 καί
290 3519 407 3602 πρῶτα
435 3515 499 3602 μέν
529 3517 699 3585 κατέσεισε
729 3519 790 3585 τοῦ
824 3524 956 3604 τείχους
983 3519 1038 3586 ἐπὶ
1069 3521 1165 3606 μέγα.
