2678 3950
482 238 664 290 εαεειειε
682 241 707 298 ε,
728 242 767 296 ιο,
1045 239 1107 305 271

143 415 204 464 σευ
226 391 443 482 Ἀλέξανδρος
470 395 507 463 δκ
531 400 601 462 τιῦυ
627 394 806 481 παρόντων
831 395 889 464 καὶ
908 397 945 465 έν
962 395 1106 486 κερκοό-

143 521 218 585 ροιν
238 500 336 565 δυοῖν
354 495 540 585 προπέμπει
560 496 643 564 κατὰ
663 497 723 564 τόν
737 495 890 583 ποταμόν
902 495 982 578 τοῦς
999 523 1104 566 κατα-

144 601 373 684 σκεψομένους
412 595 473 684 τὴν
511 598 615 682 νῆσον
656 599 689 677 ἐς
721 593 838 684 ῆντινα
872 602 907 666 οἱ
938 597 1105 688 έπιχιόριοι

145 703 294 784 ἔφασκον
319 695 476 786 ὁρμιστέα
502 695 588 766 εἶναι
614 696 706 789 αὐτῷ
733 697 816 766 κατά
838 697 896 767 τόν
914 703 1024 769 πλοῦν
1042 697 1104 768 τόν

115 799 202 867 εέπλ
227 798 421 868 θάλασσαν·
454 797 622 868 Κιλλουτά
650 798 688 867 δὲ
713 801 773 886 τῆς
799 799 905 888 νήσου
931 798 969 868 τὸ
996 797 1104 889 ὄνομα

143 903 269 985 ἔλεγον.
309 896 354 979 ῦς
380 897 419 968 δὲ
446 900 629 988 ἐξηγγέλθη
655 897 705 968 ὅτι
730 898 824 988 ὅρμοι
841 927 877 970 τε
896 903 933 970 έν
950 904 991 990 τῆ
1010 900 1105 994 νήσῳ

142 1001 210 1070 είσὶ
227 1000 284 1069 καί
301 998 386 1086 αῦτῆ
402 1000 530 1088 μεγάλη
546 1001 603 1068 καὶ
619 997 714 1090 ῦδωρ
734 1006 869 1089 ἔχουσα,
887 1000 906 1070 ὁ
923 1000 987 1090 μέν
1004 1001 1105 1083 ἀλλος

142 1099 235 1194 αὐτῷ
261 1101 379 1180 στόλος
397 1103 430 1180 ἐς
447 1100 509 1187 τήν
526 1104 631 1188 νῆσον
648 1103 823 1190 κατέσχεν·
856 1100 958 1183 αὐτός
976 1103 1014 1173 δὲ
1030 1117 1105 1185 ταῖς

142 1199 261 1292 ἀριστα
287 1201 467 1282 πλεούσαις
492 1206 561 1270 τῦν
586 1205 674 1271 νεῦν
700 1201 752 1272 ἐπ’
775 1205 886 1272 έκεῖιλα
904 1202 1111 1294 προῦχιόρει,

103 1331 129 1372 ιο
144 1301 190 1382 ῦς
216 1301 351 1372 ἀπιδεῖν
376 1305 437 1371 τοῦ
464 1305 615 1391 ποταμοῦ
641 1301 704 1390 τήν
731 1303 873 1390 ἐκβολήν
898 1303 960 1391 τήν
987 1308 1021 1386 ἐς
1044 1305 1108 1393 τῆν

141 1402 333 1490 θόλασσαν,
351 1409 383 1473 εἰ
399 1403 537 1492 παρέχοι
553 1402 614 1471 τόν
634 1410 781 1475 ἔκπλουν
799 1403 954 1495 εῦπορον.
982 1413 1102 1493 προελ-
1123 1425 1140 1476 4

142 1503 264 1584 θόντες
282 1503 320 1574 δέ
337 1502 404 1572 ἀπό
421 1507 479 1591 τῆς
497 1502 601 1592 νήσου
630 1510 788 1586 σταδίους
814 1503 895 1575 ὅσον
912 1510 1106 1588 διακοσίους

141 1599 315 1696 ἀφορῶσιν
331 1603 437 1692 ἀλλην
453 1606 569 1692 νῆσον,
596 1603 723 1692 ταύτην
739 1605 802 1696 ῆδη
821 1610 858 1678 έν
879 1609 920 1696 τῇ
939 1606 1105 1697 θαλάσση.

142 1706 216 1776 τότε
232 1705 295 1794 μέν
313 1705 354 1794 δῆ
374 1708 568 1794 ἐπανῆλθον
587 1709 620 1786 ἐς
637 1704 700 1794 τῆν
720 1709 757 1776 έν
769 1713 818 1800 τῷ
832 1711 969 1801 ποταμῷ
983 1713 1104 1797 νῆσον,

104 1833 130 1875 ιε
143 1807 199 1875 καὶ
226 1807 309 1897 πρὸς
335 1821 406 1888 τοῖς
423 1805 536 1894 ῦκροις
554 1802 659 1893 αῦτῆς
677 1810 918 1897 καθορμισθεὶς
934 1808 1014 1878 θῦει
1031 1825 1108 1890 τοῖς

142 1919 236 1989 θεοῖς
267 1907 484 1997 Ἀλέξανδρος
524 1905 614 1988 ὅσοις
656 1913 801 1995 ἔφασκεν
833 1907 883 1978 ὅτι
915 1910 1006 1998 παρά
1040 1914 1105 1980 τοῦ

133 2008 312 2096 ’Ἄμμωνος
338 2009 587 2098 ἐπηγγελμένον
604 1999 646 2097 ῆν
663 2014 770 2078 θῦσαι
787 2005 890 2102 αῦτῷ.
936 2013 969 2091 ές
988 2010 1025 2081 δὲ
1042 2011 1104 2101 τήν
1162 2045 1164 2059 ·

141 2108 324 2200 ὑστεραίαν
337 2111 490 2180 κατέπλει
500 2107 545 2191 ῦς
555 2108 610 2178 ἐπὶ
623 2109 685 2198 τῆν
699 2109 804 2198 ἀλλην
813 2110 874 2200 τήν
884 2109 922 2181 ἒν
931 2115 978 2202 τῷ
989 2111 1104 2206 πόντῳ

142 2213 260 2299 νῆσον·
294 2212 352 2280 καὶ
370 2207 548 2301 προσσχῦν
567 2213 624 2281 καὶ
641 2211 747 2302 ταότη
768 2218 850 2282 ἔθυε
871 2214 928 2281 καὶ
951 2211 1104 2284 ἐνταῦθα

105 2309 244 2393 νοάλλας
270 2303 315 2382 αῦ
341 2320 467 2392 θυσίας
498 2311 609 2392 ἀλλοις
641 2323 735 2391 θεοῖς
767 2313 823 2381 καὶ
850 2311 943 2406 ἀλλην
968 2314 1104 2406 τρόπφ·

141 2414 198 2482 καὶ
223 2413 349 2493 ταῦτας
376 2413 414 2482 δδ
439 2411 516 2482 κατ’
545 2410 791 2500 ἐπιθεσπισμὸν
813 2412 893 2483 θύει
923 2427 984 2484 τοῦ
1014 2412 1102 2503 ’Ἁμ-

141 2540 259 2602 μωνος.
304 2507 406 2593 αῦτὸς
432 2513 470 2582 δὲ
495 2511 700 2602 ῦπερβαλῦν
725 2519 787 2582 τοῦ
810 2511 921 2584 Ἰνδοῦ
947 2520 1135 2603 ποταμοῦε

141 2616 199 2694 τάς
225 2611 365 2702 ἐκβολὰς
391 2609 427 2694 ἒς
443 2611 481 2682 τό
499 2615 642 2701 πέλαγος
661 2613 807 2699 ἀνέπλει,
835 2614 881 2695 ῦς
894 2615 957 2703 μὲν
975 2621 1100 2704 ἔλεγεν,

142 2714 274 2784 ἀπιδεῖν
305 2723 340 2784 εί
366 2713 434 2784 ποῦ
459 2741 508 2794 τις
540 2712 632 2805 χοόρα
664 2723 809 2802 πλησίον
834 2711 962 2805 ἀνίσχει
990 2715 1028 2786 έν
1053 2721 1100 2810 τῷ

106 2815 271 2909 εεπόντφ·
303 2813 377 2903 ἐμοὶ
403 2814 441 2885 δῦ
467 2820 562 2885 δοκεῖ
585 2815 647 2904 οῦχ
673 2813 788 2904 ῆκιστα
815 2817 860 2898 ὥς
878 2821 1101 2889 πεπλευκέναι

140 2917 200 3005 τήν
225 2915 373 3004 μεγάλην
398 2915 459 3006 τῆν
493 2919 555 2999 ἔξω
577 2916 695 2987 Ἰνδιῦν
719 2917 905 2988 θάλασσαν.
946 2918 1100 2992 ἐνταῦθα

140 3017 287 3107 ταόρους
313 3043 349 3086 τε
374 3017 504 3106 σφόξας
530 3024 579 3111 τῷ
606 3025 793 3090 Ποσειδῶνι
818 3018 950 3109 ἀφῆκεν
976 3019 1010 3102 ἐς
1036 3022 1100 3109 τήν

141 3118 316 3188 θόλασσαν
333 3119 389 3186 καὶ
407 3127 545 3200 σπείσας
568 3117 624 3188 ἐπὶ
641 3125 684 3209 τῇ
701 3128 810 3212 θυσία
827 3121 888 3210 τήν
905 3149 940 3191 τε
960 3121 1098 3211 φιόλην,

142 3224 270 3309 χρυσῆν
304 3211 425 3311 οῦσαν,
460 3222 517 3289 καλ
549 3226 717 3311 κρατῆρας
743 3226 891 3312 χρυσοῦς
918 3219 1099 3311 ἀνέβαλλεν

108 3319 176 3401 τεός
214 3321 275 3390 τὸν
306 3321 431 3391 πόντον
463 3322 675 3412 χαριστήρια,
716 3321 895 3412 εὐχόμενος
934 3324 1032 3394 σῦόν
1066 3328 1103 3393 οί

143 3421 359 3512 παραπέμψαι
375 3421 435 3492 τόν
452 3421 597 3512 στρατόν
613 3422 673 3494 τόν
692 3425 865 3512 ναυτικόν,
892 3421 1007 3494 ὅντινα
1035 3425 1099 3507 ξῦν

143 3524 285 3617 Νεάρχῳ
319 3521 447 3594 ἐπενόει
473 3524 620 3596 στέλλειν
647 3519 692 3608 ῦς
719 3523 775 3596 ἐπὶ
801 3524 862 3595 τόν
888 3524 1015 3596 κόλπον
1043 3525 1105 3596 τὸν
