2678 3950
496 232 680 285 ιειιοεειε
697 234 728 298 ε,
746 235 787 285 ει.
1053 231 1116 296 241

158 389 374 476 αἰσθόμενος,
392 394 518 477 οἴκαδε,
537 392 647 469 καλῶς
666 393 783 478 ποιῶν,
802 390 1015 480 ἀπέπεμψας·
1047 396 1116 460 τοῖν

159 491 196 560 δὲ
214 489 326 559 ἀλλων
349 489 516 577 Ἑλλήνων
533 496 569 560 οί
583 489 646 578 μέν
664 494 701 560 έν
718 507 791 572 ταις
809 491 925 563 πόλεσι
941 508 1015 572 ταῖς
1033 493 1116 580 πρὸς

159 594 221 662 σοῦ
249 599 466 672 οἰκισθείσαις
492 593 730 683 κατῳκισμένοι
761 587 840 662 οὐδ’
877 585 969 662 ούτοι
994 593 1116 673 πάντες

159 691 291 772 ἑκόντες
316 692 492 779 μένουσιν·
527 697 562 760 οἱ
586 693 634 780 δέ,
661 696 909 780 ξυμπονοῦντές
934 721 970 763 τε
996 699 1043 762 έτι
1060 693 1116 762 καλ

131 819 145 860 ι
159 791 479 880 ξυγκινδυνεύοντες
502 790 602 862 αύτοί
616 820 652 863 τε
668 794 725 862 καὶ
742 791 763 880 ἡ
781 793 995 881 Μακεδονικὴ
1013 817 1112 882 στρα-

157 894 221 982 τιά,
247 893 325 974 τοὺς
351 893 413 982 μὲν
440 896 477 964 έν
502 908 574 973 ταῖς
595 894 712 982 μάχαις
729 891 993 982 ἀπολωλέκασιν,
1020 899 1055 963 οί
1079 894 1117 965 δὲ

160 998 196 1064 έκ
212 997 281 1064 τῶν
298 993 500 1083 τρανμάτων
514 991 677 1082 ἀπόμαχοι
689 1001 903 1083 γεγενημένα
916 994 1010 1064 ἀλλοι
1028 991 1113 1084 ἄλλη

159 1103 219 1182 τῆς
231 1094 344 1176 Ἀσίας
356 1094 631 1184 ὑπολελειμμένοι
644 1102 746 1166 είσίν·
773 1101 809 1164 οί
820 1103 955 1177 πλείους
973 1095 1012 1165 δέ
1023 1095 1116 1188 νόσςο
1134 1108 1151 1156 6

160 1195 390 1284 ἀπολώλασιν,
425 1194 533 1282 ὀλίγοι
565 1196 604 1267 δδ
636 1199 673 1265 έκ
705 1201 839 1266 πολλῶν
864 1196 1116 1283 ὑπολείπονται,

121 1323 147 1362 10
160 1299 216 1366 καὶ
234 1295 312 1366 οὔτε
328 1312 398 1378 τοῖς
416 1297 566 1388 στόμασιν
584 1303 631 1366 ἔτι
649 1295 808 1376 ύσαύτως
827 1299 1018 1387 ἐρρωμένοι,
1043 1311 1116 1377 ταίς

159 1425 196 1467 τε
220 1397 368 1486 γνώμαις
400 1400 487 1467 πολύ
517 1406 564 1468 έτι
588 1401 717 1485 μᾶλλον
743 1397 1016 1486 προκεκμηκότες.
1060 1398 1117 1467 καὶ

159 1497 288 1578 τούτοις
305 1499 450 1587 ξύμπασι
466 1498 574 1579 πόθος
591 1502 653 1587 μὲν
670 1499 799 1586 γονέων
826 1503 928 1585 έστίν,
955 1496 1043 1579 ὅσοις
1069 1504 1117 1567 έτι

161 1598 329 1686 σώζονται,
363 1599 471 1680 πόθος
497 1599 535 1669 δὲ
560 1605 732 1686 γυναικῶν
757 1603 814 1669 καὶ
840 1606 983 1687 παίδων,
1009 1596 1117 1678 πόθος

161 1699 200 1769 δὲ
217 1698 258 1786 δὴ
276 1703 333 1786 τῆς
351 1705 410 1786 γῆς
428 1697 532 1788 αὐτῆς
548 1705 607 1786 τῆς
625 1706 761 1786 οἰκείας,
786 1697 829 1788 ἣν
847 1699 910 1780 ξύν
932 1707 979 1793 τῷ
998 1704 1035 1770 έκ
1053 1703 1115 1768 σοῦ

122 1826 148 1866 ιε
161 1801 354 1888 πορισθέντι
386 1808 481 1888 σφίσι
505 1799 631 1892 κόσμῳ,
657 1799 795 1888 μεγάλοι
826 1828 862 1870 τε
888 1797 964 1870 ἀντὶ
988 1803 1117 1889 μικρῶν

160 1901 217 1970 καὶ
235 1899 388 1968 πλούσιοι
401 1903 436 1968 έκ
450 1900 603 1988 πενήτων
616 1899 892 1990 ἀναστρέφοντες,
910 1899 1121 1989 ξύγγνωστοί

161 2006 248 2072 είσιν
267 2003 394 2070 ἐπιδεῖν
411 2007 608 2082 ποθοῦντες.
635 2001 679 2072 σύ
698 2001 735 2072 δὲ
752 2007 820 2071 νύν
837 2001 882 2091 μη
902 1999 996 2088 ἀγειν
1013 2001 1116 2071 ἀκον·
1134 2016 1150 2064 ⁷

159 2120 234 2183 τας·
262 2100 344 2171 οὐδὲ
361 2100 428 2192 γάρ
446 2102 571 2191 ὁμοίοις
589 2107 637 2171 ἔτι
653 2102 759 2193 χρήση
780 2105 812 2183 ές
829 2102 907 2184 τούς
924 2104 1117 2189 κινδύνους,

158 2199 213 2284 ὀἷς
230 2201 267 2271 τδ
287 2202 438 2272 ἑκούσιον
458 2207 494 2273 έν
511 2218 582 2284 τοῖς
600 2199 727 2290 ἀγῶσιν
740 2201 893 2273 ἀπέσται·
921 2202 1118 2273 ἐπανελθών

122 2329 148 2369 εο
163 2302 194 2372 δ’
215 2301 315 2383 αύτός
331 2331 379 2390 τε,
397 2312 429 2375 εί
445 2310 549 2390 δοκεῖ,
567 2307 600 2385 ές
617 2302 679 2391 τὴν
697 2311 825 2375 οίκείαν
841 2305 897 2373 καὶ
914 2305 976 2391 τὴν
992 2305 1117 2393 μητέρα

160 2403 222 2492 τὴν
249 2409 376 2474 σαντού
404 2403 488 2475 ίδοδν
509 2406 565 2474 καὶ
583 2403 624 2474 τό
643 2409 712 2473 τῶν
726 2403 893 2491 Ἑλλήνων
910 2403 1117 2490 καταστησά-

161 2531 259 2593 μενος
277 2505 334 2574 καὶ
350 2503 409 2585 τάς
427 2513 523 2585 νίκας
540 2503 738 2584 ταύταςτὰς
756 2504 881 2585 πολλὰς
899 2505 955 2573 καί
971 2505 1118 2592 μεγάλας

163 2607 196 2685 ές
221 2603 282 2674 τόν
308 2611 465 2697 πατρῷον
489 2604 582 2674 οἶκον
608 2612 747 2693 κομίσας
773 2603 862 2674 οὕτω
888 2608 929 2693 δὴ
955 2608 988 2686 ἐξ
1015 2603 1118 2694 ἀρχῆς

161 2703 266 2774 ἀλλον
292 2705 410 2775 στόλον
434 2708 642 2793 στέλλεσθαι,
669 2711 701 2774 εί
715 2705 777 2794 μὲν
803 2705 929 2793 βούλει,
958 2703 1010 2776 ἐπ’
1030 2703 1119 2776 αύτὰ

122 2812 266 2877 εεταύτα
291 2807 331 2875 τά
358 2805 443 2897 πρδς
468 2805 530 2894 τὴν
547 2811 600 2884 ,έω
628 2800 925 2897 ᾦκισμέναἹνδοῐν
950 2809 1047 2894 γένη·
1087 2812 1120 2877 εί

162 2907 201 2976 δέ
232 2907 358 2994 βούλει,
391 2909 424 2988 ἐς
456 2906 515 2976 τόν
546 2905 707 2989 Εὔξεινον
738 2905 881 2978 πόντον·
929 2914 961 2978 εί
985 2909 1035 2996 δέ,
1062 2907 1117 2978 έπλ

161 3007 365 3098 Καρχηδόνα
396 3009 454 3077 καὶ
485 3006 526 3077 τά
559 3005 612 3078 ἐπ’
650 3011 760 3079 ε’κείνα
786 3014 1029 3097 Καρχηδονίων
1058 3013 1118 3096 τῆς

161 3110 299 3199 Λιβύης.
330 3114 437 3179 ταῦτα
463 3108 501 3180 δέ
527 3107 590 3178 σδν
614 3108 678 3196 ἤδη
697 3112 894 3197 ἐξηγεῖσθαι.
927 3112 1063 3193 ἕψονται
1080 3110 1151 3178 δέ8

163 3231 215 3280 σοι
240 3210 336 3280 ἀλλοι
362 3209 560 3291 Μακεδόνες
577 3212 644 3278 καὶ
670 3208 765 3279 ἀλλοι
783 3209 954 3298 Ἕλληνες,
988 3211 1058 3279 νέοι
1082 3236 1119 3280 τε

124 3309 238 3382 εοάντὶ
263 3310 433 3402 γερόντων
458 3313 515 3381 καί
542 3308 684 3398 ἀκμῆτες
710 3308 786 3380 ἀντὶ
811 3311 1034 3398 κεκμηκότων,
1060 3309 1118 3379 καὶ

163 3407 213 3492 οἷς
247 3410 288 3481 τά
322 3417 384 3481 τού
410 3413 557 3499 πολέμου
591 3412 645 3480 διά
677 3409 714 3480 τδ
748 3408 929 3500 ἀπείρατον
961 3417 994 3490 ές
1019 3409 1118 3480 τετὸ

163 3537 352 3600 παραοτικα
377 3507 418 3582 ού
445 3509 571 3601 φοβερὰ
597 3511 653 3580 καὶ
678 3511 760 3580 κατὰ
782 3511 844 3599 τὴν
860 3518 922 3582 τοῦ
940 3512 1117 3601 μέλλοντος

212 3631 341 3673 Annum.
885 3626 916 3675 16
