2664 3946
215 225 275 290 158
565 223 815 280 ειεειαιεοε

216 384 346 454 ίππέιον
371 381 452 462 τούς
478 379 613 464 τοξότας
638 381 694 450 καλ
719 381 799 462 τούς
823 376 1000 469 Ἀγριάνας
1031 382 1087 450 καλ
1117 388 1176 471 τῆς
1305 379 1306 388 ’

214 484 387 572 φάλαγγος
399 485 479 562 τούς
497 481 728 570 κουφοτάτους
745 479 800 572 ᾔει
818 477 863 562 ύς
882 484 937 552 ἐπὶ
952 482 1176 573 Μαράκανδα,

214 591 273 656 ’ίνα
305 582 483 672 ἐπανήκειν
510 585 724 671 Σπιταμένην
756 582 965 653 ἐπυνθάνετο
992 585 1049 653 καλ
1076 576 1176 666 αύθις

181 694 406 774 ιπολιορκεῑν
430 682 508 764 τούς
536 687 573 755 ἐν
599 689 640 774 τῇ
667 684 765 774 άκρμ.
816 685 873 754 καλ
907 683 1010 765 αύτός
1042 684 1106 773 μὲν
1140 689 1177 755 ἐν

215 787 326 876 τρισὶν
358 781 495 874 ἡμέραις
527 783 674 856 διελθών
699 792 828 874 χιλίους
852 787 910 856 καὶ
935 794 1206 868 πεντακοσίουςε

215 892 375 967 σταδίους
400 891 442 976 τῇ
459 885 598 976 τετάρτῃ
616 884 685 956 ύπὸ
702 884 765 974 τήν
783 889 827 955 ἕω
845 890 994 976 προσῆγε
1011 894 1054 976 τῇ
1072 888 1176 958 πόλει.

216 989 428 1076 Σπιταμένης
454 987 573 1056 δὲκαὶ
599 993 636 1058 οί
659 985 741 1075 ἀμφ’
769 985 894 1074 αύτόν,
922 986 967 1068 ύς
992 989 1177 1077 ἐξηγγέλθη

215 1089 396 1180 προσάγων
409 1087 642 1176 Ἀλέξανδρος,
663 1087 728 1158 ούκ
748 1095 900 1177 ἔμειναν,
925 1088 999 1158 ἀλλ’
1021 1090 1176 1158 ἐκλιπόν-

182 1210 268 1272 στες
293 1189 357 1279 τὴν
382 1190 479 1260 πόλιν
509 1189 706 1276 φεύγουσιν.
760 1187 778 1260 ὁ
811 1190 850 1260 δὲ
877 1189 1032 1278 ἐχόμενος
1063 1187 1178 1260 αύτολν

217 1295 371 1364 ἐδίωκεν·
412 1285 456 1372 ὥς
490 1289 528 1359 δέ
561 1292 616 1360 ἐπὶ
641 1289 703 1359 τὸν
728 1293 840 1380 χῶρον
864 1284 948 1379 ἧκεν
974 1285 1016 1361 ού
1041 1289 1063 1379 ἡ
1088 1292 1178 1380 μάχη
1192 1319 1220 1358 ιο

216 1396 359 1481 ἐγένετο,
385 1392 500 1475 θάψας
517 1393 597 1472 τούς
623 1391 824 1481 στρατιύτας
851 1396 886 1462 ἐκ
912 1395 981 1462 τῶν
1001 1391 1179 1479 παρόντων

216 1501 327 1566 εἵπετο
372 1499 444 1564 ἔστε
489 1493 545 1562 ἐπὶ
590 1491 652 1580 τὴν
697 1499 821 1580 ἔρημον
865 1509 936 1574 τοῖς
981 1493 1177 1581 φεύγουσιν.

217 1600 349 1668 ἐκεῖθεν
388 1592 419 1664 δ’
463 1592 684 1682 άναστρέφωυ
715 1593 851 1679 ἐπόρθει
881 1593 945 1681 τὴν
975 1593 1089 1684 χάραν
1120 1597 1179 1665 καὶ

215 1698 296 1778 τούς
324 1699 357 1776 ἐς
375 1694 414 1764 τά
436 1693 583 1784 ἐρύματα
600 1695 895 1784 καταπεφευγότας
911 1701 980 1764 τῶν
997 1695 1179 1784 βαρβάρων

217 1805 378 1884 ἔκτεινεν,
404 1793 455 1866 ὅτι
479 1796 717 1877 ξυνεπιθέσθαι
742 1793 978 1883 ἐξηγγέλλοντο
1003 1800 1058 1866 καὶ
1081 1798 1178 1868 αύτολ
1192 1821 1219 1862 ιε

215 1914 286 1979 τοῖς
304 1896 494 1968 Μακεδόσι·
522 1898 578 1966 καὶ
597 1900 723 1984 ἐπῆλθε
741 1903 853 1966 πᾶσαν
870 1895 931 1984 τὴν
956 1897 1070 1988 χάραν
1095 1897 1179 1987 ὅσην

183 1997 235 2068 τό
262 1997 410 2086 ποταμός
436 1992 703 2086 ὁΠολυτίμητος
731 1997 886 2086 ἐπάρδων
904 1999 1080 2088 ἐπέρχεται.
1121 2005 1179 2070 ἵνα

217 2099 255 2170 δέ
281 2094 473 2187 άφανίζεται
498 2105 545 2190 τῷ
571 2101 708 2190 ποταμῷ
734 2098 772 2167 τό
799 2097 908 2188 ύδωρ,
935 2102 1096 2172 ἐντεῦθεν
1114 2101 1178 2190 ἤδη

216 2199 253 2269 τό
283 2198 336 2270 ἐπ’
365 2202 475 2269 ἐκεῖνα
510 2197 676 2288 ἐρημοςὴ
707 2198 800 2287 χάρα
828 2203 933 2270 ἐστίν·
986 2198 1178 2290 άφανίζεται

217 2303 273 2388 δέ,
308 2308 427 2390 καίπερ
459 2306 586 2370 πολλοῦ
620 2297 669 2369 ύν
693 2295 836 2388 ύδατος,
873 2305 906 2382 ἐς
936 2302 997 2390 τὴν
1029 2305 1174 2394 ψάμμον.
1190 2328 1217 2368 ιο

216 2354 273 2474 καλ
299 2401 394 2472 άλλοι
420 2398 604 2491 ποταμοὶε
580 2399 740 2482 τοσαύτας
758 2404 827 2472 ἐκεί
843 2402 1057 2491 ἀφανίζονται
1073 2407 1179 2494 μεγά-

217 2514 268 2574 λοι
292 2502 393 2574 ιιαλ’
375 2505 500 2590 αέναοι,
527 2501 598 2573 ὅτε
615 2498 831 2592 ”Επαρδος,“
813 2531 850 2585 ος
865 2506 934 2630 ρέα
952 2505 1008 2574 διά
1026 2505 1179 2596 Μάρδων

216 2611 274 2693 τῆς
313 2603 441 2694 χώρας,
479 2602 571 2674 καθ’
563 2615 701 2692 Αρειος,
740 2603 822 2675 ὅτου
856 2605 1030 2694 ἐπωνυμος
1062 2602 1179 2695 ητύν

213 2703 305 2795 ’ίΑρε
304 2734 352 2776 ον
376 2735 419 2794 γη
446 2709 524 2793 ἐστι,
550 2706 606 2773 καὶ
629 2704 915 2794 Ἑτύμανδρος,“
896 2733 932 2788 ος
957 2706 1002 2776 δι’
1031 2710 1178 2798 Εύεργε-

184 2813 285 2877 ιτύν
317 2807 392 2896 ῥέει.
450 2808 578 2875 καλί
546 2806 611 2875 εἰσί
648 2805 835 2893 ξύμπαντες
869 2801 963 2877 ούτοι
994 2815 1216 2898 τηλικούτοιιι

217 2910 362 2996 ποταμοὶ
395 2905 477 2978 ὥστε
503 2901 619 2986 ούδεὶς
646 2902 759 2977 αύτῶν
785 2917 889 2996 μείων
917 2911 1076 2980 ἐστλτού
1103 2921 1178 2998 Πη-

217 3015 309 3078 νειού
326 3014 387 3078 τοῦ
406 3013 612 3078 Θεσσαλικοῦ
630 3011 794 3097 ποταμοῦ,
820 3006 858 3090 ὃς
875 3009 930 3078 διά
946 3017 1016 3080 τῶν
1038 3017 1180 3102 Τεμπῶν

218 3111 306 3198 ῥέων
331 3111 459 3178 ἐκδιδοῖ
473 3113 506 3189 ές
520 3109 713 3179 θάλασσαν·
745 3108 763 3179 ὁ
785 3111 823 3180 δὲ
841 3118 1071 3201 Πολυτίμητος
1090 3112 1176 3183 πολύ

220 3218 265 3282 ἔτι
290 3218 410 3299 μειξων
436 3206 456 3296 ἢ
482 3210 565 3280 κατά
591 3210 652 3280 τόν
678 3210 825 3299 Πηνειόν
850 3213 1002 3300 ποταμόν
1028 3217 1105 3284 ἐστι.

184 3322 201 3388 7
299 3318 413 3382 Ταῦτα
432 3312 469 3382 δὲ
493 3309 758 3401 διαπραξάμενος
776 3315 809 3392 ἐς
828 3322 1007 3402 Ζαρίασπα
1025 3315 1177 3404 ἀφίκετο·
1192 3349 1217 3389 ιο

219 3414 275 3482 καλ
293 3412 400 3483 αύτοῦ
419 3415 597 3504 κατέμενεν
615 3419 689 3483 ἐστε
702 3422 888 3500 παρελθεῖν
904 3415 942 3484 τὸ
961 3413 1104 3505 άκμαῑον
1118 3421 1177 3486 τοῦ

218 3521 393 3604 χειμῶνος.
434 3518 470 3584 ἐν
512 3514 619 3610 τούτφ
664 3515 703 3583 δὲ
746 3513 910 3603 άφίκουτο
949 3514 1030 3605 παρ’
1073 3517 1180 3589 αύτόν
