2678 3950
483 252 664 306 ΔΝΔΒΑΣΙΣ
681 255 711 318 ο,
729 256 769 309 ιε.
788 257 828 304 13.
1063 251 1125 318 261

168 407 212 496 μή
239 405 474 498 ἀταλαίπωρον
499 417 677 498 γίγνεσθαι
701 424 772 490 τοῖς
798 415 909 480 ἔπειτα
933 404 1126 496 ἀνθρώποις

167 509 231 596 τήν
252 509 340 598 ύπὲρ
358 513 428 579 τῶν
446 511 651 599 τηλικούτων
668 516 777 599 ἔργων
794 513 900 581 τεκαὶ
918 510 1127 599 παθημάτων

169 608 347 699 ἀφήγησιν.

242 709 298 784 Ἐν
325 702 351 804 ᾧ
377 711 416 781 δὲ
430 709 646 802 Ἀλέξανδρος
672 709 778 782 αὐτοῦ
805 713 918 800 μένων
934 713 972 781 τὸ
991 717 1124 801 τραῦμα
1137 716 1177 780 12

144 811 405 902 εέθεραπεύετο,
433 815 466 894 ἐς
491 814 529 882 εδ
556 811 784 900 στρατόπεδον
803 820 966 904 ἔνθενπερ
985 811 1125 903 ὁρμήθη

171 917 225 984 ἐπὶ
242 915 323 994 τούς
350 913 516 994 Μαλλούς
542 914 560 985 ὁ
592 914 655 1002 μὲν
686 917 819 1004 πρῶτος
845 915 943 1001 λόγος
968 907 1051 1003 ήκεν
1077 912 1128 984 ότι

167 1014 339 1102 τεθνηκός
367 1025 419 1104 εἴη
438 1017 474 1084 ἐκ
491 1017 550 1085 τού
569 1015 766 1104 τραύματος.
798 1015 855 1084 καλ
871 1015 911 1084 τά
930 1015 992 1103 μεν
1010 1021 1127 1103 πρῶτα

169 1115 298 1205 οἰμωγή
331 1107 373 1203 ήν
404 1122 463 1203 τῆς
497 1121 651 1204 στρατιᾶς
677 1115 870 1205 ξυμπάσης,
903 1115 1008 1185 ἀλλον
1035 1115 1126 1208 ἀλλςο

169 1217 412 1305 παραδιδόντος
437 1216 499 1303 τήν
525 1219 655 1305 φήμην·
693 1216 902 1305 παυσάμενοι
927 1215 967 1290 δε,
989 1221 1048 1305 τῆς
1074 1223 1127 1286 ol-

131 1321 281 1408 ιομωγής
307 1318 439 1407 ἄθυμοί
460 1344 496 1388 τε
521 1321 578 1388 καὶ
609 1316 730 1407 άποροι
754 1310 842 1404 ἦσαν
869 1316 958 1398 ὅστις
984 1317 1046 1406 μὲν
1072 1320 1127 1401 ἐξ·
1245 1375 1248 1382 ,

168 1419 354 1508 ηγούμενος
381 1425 472 1488 ἔσται
496 1425 555 1507 τῆς
582 1424 734 1505 στρατιάς
762 1417 913 1508 (πολλοῖς
939 1417 1004 1505 γάρ
1027 1417 1069 1505 δή
1088 1421 1159 1488 ἕνα

170 1531 232 1610 λσφ
258 1518 299 1588 τά
325 1523 383 1607 τής
409 1516 575 1604 ἀξιώσεως
602 1518 709 1590 ἐδόκει
734 1520 818 1610 πρός
840 1545 876 1590 τε
902 1519 1010 1588 αύτού
1034 1518 1126 1590 Ἀλε-

170 1620 316 1708 ξάνδρον
334 1623 392 1690 καλ
410 1621 495 1711 πρὸς
513 1620 725 1692 Μακεδόνων
742 1613 1010 1714 καθεστηκέναι),
1036 1619 1128 1701 ὅπως

170 1722 208 1792 δὲ
234 1721 512 1808 ἀποσωθήσονται
537 1729 587 1802 εἰς
611 1721 674 1809 τήν
700 1727 843 1810 οἰκείαν,
868 1722 1040 1792 τοσούτων
1065 1721 1128 1810 μὲν

131 1849 156 1890 ιε
171 1827 283 1893 ἐθνῶν
300 1831 455 1912 μαχίμων
472 1821 728 1912 περιειργόντων
746 1829 834 1911 σφάς
853 1825 889 1892 ἐν
906 1822 1033 1916 κύκλφ,
1059 1827 1128 1892 τῶν

168 1924 230 2013 μὲν
256 1923 354 1995 οόπω
379 1923 716 2015 προσκεχωρηκότων,
743 1921 827 2012 διδή
844 1921 932 2013 ὑπὲρ
946 1929 1004 2012 τῆς
1032 1927 1128 1994 ἑλεν-

168 2031 285 2114 θερίας
311 2033 440 2110 εἴκαζον
464 2023 681 2112 ἀγωνιεῖσθαι
699 2031 879 2115 καρτεράς,
905 2029 973 2094 τῶν
990 2025 1029 2094 δὲ
1042 2023 1128 2094 ἀπο-

169 2129 395 2216 στησομένων,
422 2125 663 2220 ἀφαιρεθέντος
687 2126 803 2208 αύτοϊς
829 2130 890 2195 τού
906 2123 1128 2216 Ἀλεξάνδρου

169 2229 295 2318 φόβον·
340 2231 499 2317 ποταμῶν
532 2255 568 2299 τε
595 2228 748 2319 ἐνμέσῳ
774 2225 964 2314 ἀδιαβάτων
989 2227 1066 2297 τότε
1090 2255 1129 2314 γε

131 2354 156 2393 20
170 2330 312 2400 ἐδόκουν
339 2327 434 2400 εἶναι.
474 2331 531 2398 καὶ
557 2329 665 2398 πάντα
692 2335 809 2416 σφίσιν
835 2324 946 2415 άπορα
967 2330 1023 2396 καὶ
1041 2327 1128 2416 άμή-

169 2459 255 2520 χανα
277 2429 408 2518 ἐρήμοις
423 2425 644 2517 Ἀλεξάνδρου
665 2431 828 2516 ἐφαίνετο.
856 2425 901 2507 ὥς
919 2427 958 2497 δὲ
974 2420 1036 2515 ήκέ
1050 2453 1129 2498 ποτε
1147 2446 1162 2494 3

170 2532 268 2617 λόγος
294 2529 344 2599 ότι
368 2535 405 2619 ζῇ
430 2528 665 2618 Ἀλέξανδρος,
698 2529 807 2620 τούτῳ
832 2528 895 2616 μὲν
925 2527 1020 2617 μόγις
1046 2531 1130 2611 ξυν-

170 2632 349 2720 εχώρησαν·
364 2639 397 2702 εἰ
410 2631 448 2700 δὲ
465 2633 522 2700 καὶ
535 2627 691 2717 βιύσιμός
704 2632 804 2716 ἐστιν,
822 2628 918 2699 ούπω
932 2631 1128 2700 ἐπιστεύετο.

171 2732 217 2814 ἀς
250 2732 288 2802 δὲ
319 2734 377 2801 καὶ
409 2733 586 2822 γράμματα
618 2729 696 2820 παρ’
732 2729 840 2800 αύτού
869 2722 950 2819 ήκεν
975 2729 1024 2800 ότι
1048 2729 1129 2804 ὅσον

133 2857 159 2898 ιε
171 2833 266 2904 οὔπω
284 2833 516 2902 κατελεύσεται
534 2833 589 2902 ἐπὶ
606 2833 643 2900 τὸ
661 2832 901 2922 στρατόπεδον,
927 2831 1130 2904 οὐδὲτοῦτο

169 2949 241 3015 τοῖς
267 2941 403 3014 πολλοῖς
428 2933 496 3003 ύπδ
523 2936 583 3003 τοῦ
610 2930 697 3020 άγαν
723 2933 821 3016 δέονς
847 2933 945 3004 πιστά
964 2936 1128 3022 ἐφαίνετο,

169 3031 255 3104 ἀλλά
269 3033 472 3104 πλάττεσθαι
488 3032 553 3123 γάρ
567 3033 651 3124 πρός
668 3036 736 3104 τάν
754 3033 841 3123 ἀμφ’
856 3029 964 3105 αότδν
977 3056 1129 3124 σωματο·

169 3135 333 3224 φυλάκων
357 3163 393 3205 τε
417 3137 475 3204 καὶ
501 3141 696 3226 στρατηγῶν
721 3135 874 3220 εἰκάζετο.

247 3237 315 3308 Καὶ
339 3241 446 3307 ταῦτα
473 3237 634 3324 ἐννοήσας
654 3232 889 3326 Ἀλέξανδρος,
914 3237 961 3326 μή
985 3266 1017 3306 τι
1041 3265 1125 3308 νεω-
1141 3247 1180 3313 13

134 3359 158 3400 ³⁰
171 3345 338 3428 τερισθειή
365 3341 402 3408 ἐν
424 3344 466 3428 τῇ
485 3344 621 3430 στρατιᾷ
639 3336 693 3406 ὅτε
709 3342 843 3426 πρῶτον
859 3337 1014 3427 ήδννήθη
1032 3346 1130 3426 κομί-

171 3447 256 3524 ζεται
283 3441 337 3510 ε’πλ
363 3445 424 3510 τού
442 3444 596 3528 ποταμοῦ
621 3440 682 3508 τοῦ
706 3437 895 3526 ’Ῥδραύτον
921 3440 981 3520 τάς
1007 3438 1129 3527 όχθας·

173 3544 230 3612 καὶ
255 3543 366 3612 πλέων
392 3540 475 3611 κατά
501 3541 562 3611 τόν
589 3539 738 3630 ποταμόν
757 3531 814 3634 (ἦν
840 3540 905 3630 γάρ
931 3539 968 3610 τό
988 3538 1130 3631 στρατό-
