2650 3948
497 255 680 309 εειιεεειε
698 260 723 319 ι,
741 257 766 313 ε.
1067 258 1111 324 63

143 392 210 464 λδν
229 391 367 482 ἀφίκετο
390 394 446 464 καὶ
467 392 652 490 Ἀμφιλόχῳ
677 395 740 466 όσα
763 395 848 487 ῆρωι
867 397 1012 486 ἐνήγισε·
1051 399 1109 468 καὶ

145 495 381 580 στασιάζοντας
410 498 610 585 καταλαβών
638 497 701 586 τῆν
725 497 840 568 στάσιν
870 497 985 581 αὐτοῖς
1010 501 1109 569 κατέ-

146 615 275 667 παυσε·
311 598 366 666 καλ
390 597 470 678 τοάς
494 598 621 688 φόρους
644 597 704 680 οδς
721 607 854 688 βασιλεῖ
869 609 1005 694 Δαρείῳ
1023 599 1108 670 ἀπέ-

147 726 257 789 φερον
283 696 423 787 ἀνῆκεν,
453 697 503 768 ότι
517 697 680 790 Ἀργείων
696 701 758 789 μὲν
776 703 961 773 Μαλλωταὶ
979 702 1109 772 άποικοι

118 792 254 887 ιῆσαυ,
287 796 390 881 αότδς
407 799 445 870 δὲ
463 796 518 869 ἀπ’
538 800 681 892 ’Ἀργους
699 808 766 874 τόν
779 801 1005 894 Ἡρακλειδῶν
1023 801 1110 874 εἶναι

145 899 257 989 ῆξίου.

216 1002 286 1073 Ἔτι
303 1001 341 1073 δέ
360 1005 396 1072 ἐν
410 1011 539 1096 Μαλλῷ
557 1003 628 1074 όντι
645 1002 736 1098 αὐτῷ
754 1003 947 1093 ἀγγέλλεται
963 1020 1108 1098 Δαρεῖον
1129 1015 1150 1083 6

149 1107 188 1174 ἐν
206 1104 335 1194 Σάχοις
358 1104 420 1187 ξδυ
443 1111 484 1196 τῆ
503 1105 592 1196 πόση
611 1104 753 1195 δυνάμει
770 1107 1050 1197 στρατοπεδεύειν.
1088 1105 1106 1178 ὁ

148 1205 187 1276 δὲ
206 1211 312 1296 χοῖρος
330 1199 427 1287 οὗτος
446 1213 513 1277 ἐστι
530 1206 594 1296 μὲν
611 1213 669 1294 τῆς
691 1205 871 1297 Ἀσσυρίας
889 1215 967 1297 γῆς,
994 1208 1109 1298 ἀπέχει

109 1339 135 1379 ιο
149 1306 189 1376 δὲ
206 1313 275 1376 τῶν
292 1313 412 1376 πυλάν
429 1315 497 1377 τάν
511 1307 698 1398 Ἀσσυρίων
715 1312 750 1391 ἐς
768 1308 830 1379 δόο
847 1309 988 1399 μάλιστα
1002 1321 1108 1381 στα-δ-

146 1407 243 1497 μοάς.
288 1414 373 1478 ἔνθα
403 1408 444 1497 δῆ
476 1409 676 1497 ξυναγαγών
705 1409 786 1490 τούς
818 1412 969 1501 ἑταίρους
994 1412 1109 1502 φράζει

148 1508 265 1590 αὐτοῖς
290 1509 331 1580 τά
362 1513 582 1599 ἐξηγγελμένα
608 1505 694 1601 ὑπὲρ
721 1518 869 1602 Δαρείου
899 1539 935 1582 τε
964 1513 1020 1580 καὶ
1049 1518 1109 1600 τῆς

149 1617 304 1700 στρατιάς
339 1617 398 1698 τῆς
429 1619 587 1701 Δαρείου.
636 1617 672 1682 οί
699 1613 737 1684 δὲ
766 1610 915 1683 αὐτόθεν
945 1607 990 1695 ὥς
1019 1611 1107 1702 εἶχεν

148 1711 243 1799 άγειυ
268 1708 433 1792 ἐκέλευον.
475 1710 493 1782 ὁ
519 1713 558 1785 δὲ
579 1713 655 1783 τότε
684 1714 746 1803 μὲν
777 1716 950 1796 ἐπαινέσας
980 1711 1141 1795 αότοάςε

111 1843 136 1884 ιι
150 1815 282 1883 διέλυσε
305 1813 365 1884 τδυ
383 1814 562 1902 ξύλλογον·
602 1819 643 1906 τῆ
663 1816 700 1884 δὲ
717 1809 879 1907 όστεραίμ
896 1821 1044 1906 προῆγεν
1063 1814 1109 1896 ὥς

150 1917 205 1984 ἐπὶ
232 1914 381 2007 Δαρεῖόν
413 1918 529 1986 τεκαὶ
554 1915 633 1997 τούς
660 1917 802 2007 Πέρσας.
851 1923 1043 2009 δευτεραῖος
1069 1916 1108 1988 δδ

148 2013 354 2105 ὑπερβαλόν
381 2015 439 2098 τάς
468 2017 577 2098 πάλας
608 2019 890 2108 ἐστρατοπέδευσε
912 2018 999 2108 πρός
1022 2028 1107 2089 Μυ·

149 2117 298 2212 ριάνδρῳ
316 2119 424 2188 πόλει·
464 2120 520 2187 καὶ
542 2125 600 2206 τῆς
622 2118 745 2201 νυκτός
768 2119 890 2210 χειμών
908 2123 1109 2208 ἐπιγίγνεται

151 2219 293 2310 σκληρός
310 2222 367 2290 καί
383 2219 475 2310 ὕδωρ
492 2247 529 2289 τε
548 2223 580 2304 ἐξ
599 2218 750 2310 οὐρανοῦ
763 2222 820 2290 καὶ
834 2228 966 2310 πνεῦμα
979 2229 1106 2310 βίαιον·

111 2351 136 2392 ιο
150 2327 250 2391 τοῦτο
268 2323 426 2412 κατέσχεν
446 2325 546 2414 ἐντῷ
566 2324 782 2416 στρατοπέδῳ
796 2321 1026 2412 Ἀλέξανδρον.

226 2437 371 2513 Δαρεῖος
395 2423 433 2494 δὲ
456 2424 538 2503 τέως
563 2420 626 2512 μὲν
643 2423 706 2507 ξδν
722 2431 763 2514 τῆ
782 2430 916 2513 στρατιᾷ
934 2424 1142 2512 διέτριβευ,8

150 2525 379 2615 ἐπιλεξάμενος
401 2527 459 2613 τῆς
480 2521 658 2614 Ἀσσυρίας
680 2530 743 2613 γῆς
760 2529 878 2593 πεδίον
896 2524 1003 2611 πάντη
1021 2522 1106 2592 άνα-

149 2629 360 2716 πεπταμέυον
373 2628 430 2696 καὶ
443 2632 490 2719 τῷ
503 2653 540 2695 τε
553 2626 675 2714 πλῆθει
687 2631 747 2713 τῆς
762 2630 914 2715 στρατιάς
924 2623 1107 2713 ἐπιτήδειον

149 2729 206 2796 καί
225 2728 472 2798 ἐνιππάσασθαι
489 2732 530 2818 τῆ
548 2731 639 2819 ἵππῳ
658 2726 840 2816 ξύμφορον.
875 2727 931 2796 καὶ
953 2731 1051 2796 τοῦτο
1067 2725 1105 2795 τό

111 2855 137 2897 ιι
149 2836 274 2918 χωρίου
288 2829 553 2917 ξυνεβούλευσευ
567 2827 658 2920 αὐτῷ
671 2829 715 2918 μῆ
735 2826 930 2898 ἀπολείπειν
942 2824 1107 2917 Ἀμύντας

148 2929 167 3000 ὁ
188 2929 373 3019 Ἀντιόχου,
405 2927 423 3000 ὁ
447 2928 527 3017 παρ’
549 2929 765 3019 Ἀλεξάνδρου
784 2928 982 3018 αὐτόμολος·
1019 2927 1106 2999 εἶναι

148 3029 214 3122 γάρ
237 3031 299 3120 τῆν
324 3029 536 3121 εὐρυχωρίαν
560 3031 643 3119 πρὸς
666 3037 728 3101 τοῦ
752 3030 906 3118 πλήθους
922 3057 958 3100 τε
975 3031 1031 3099 καὶ
1048 3036 1106 3118 τῆς

148 3138 271 3221 σκευῆς
283 3136 352 3202 τοίυ
366 3138 519 3222 Περσῶν.
545 3133 601 3200 καὶ
612 3138 706 3221 έμευε
718 3146 873 3222 Δαρεῖος.
901 3129 945 3212 άς
959 3131 998 3201 δὲ
1011 3129 1103 3202 Ἀλε-
1121 3144 1140 3200 ὲ

149 3235 281 3328 ξάνδρῳ
311 3233 418 3322 πολλῆ
448 3231 512 3322 μὲν
544 3235 580 3302 ἐν
610 3240 728 3326 Ταρσῷ
753 3232 847 3324 τριβῆ
872 3234 926 3302 ἐπὶ
948 3237 990 3322 τῆ
1013 3231 1104 3324 νόσῳ

112 3365 137 3406 ιο
150 3341 316 3424 ἐγίγνετο,
340 3333 401 3406 οὐκ
419 3331 517 3423 ὀλίγη
535 3333 573 3405 δὲ
592 3336 629 3404 έν
647 3333 784 3422 Σόλοις,
809 3339 866 3403 ἳνα
885 3333 971 3403 ἔθυέ
989 3359 1025 3402 τε
1048 3334 1105 3401 καὶ

150 3435 336 3527 ἐπόμπευε,
364 3437 420 3505 καὶ
444 3437 498 3506 ἐπὶ
515 3435 593 3516 τους
612 3432 763 3525 ὀρεινοδς
781 3441 919 3514 Κίλικας
937 3433 1104 3522 διέτριψεν

149 3539 323 3629 ἐξελάσας,
351 3545 450 3608 τοῦτο
475 3543 599 3626 ἔσφηλε
616 3548 764 3624 Δαρείου
786 3541 843 3622 τῆς
860 3533 1007 3622 γνάμης·
1046 3532 1104 3600 καὶ
