2678 3950
446 261 629 314 εαεεεεῐα
646 265 675 326 ο,
693 265 734 318 νο.
752 265 794 316 ει.
1036 259 1099 325 273

132 433 235 508 τρεῖς,
248 417 309 507 τήν
322 445 359 488 τε
371 420 486 507 χώραν
499 417 601 488 ὁποία
613 426 665 498 τίς
680 421 770 488 ἐστιν
782 417 803 506 ἡ
819 421 856 488 ἐν
869 425 917 511 τῷ
928 419 1096 512 παράπλῳ

134 519 410 608 ἐπισκεπτόμενος
449 521 506 588 καὶ
544 521 673 608 φρέατα
703 518 904 610 ὀρύττεσθαι
936 520 1097 609 κελεύων,

135 619 227 700 ὅπως
254 627 359 708 ἔχοιεν
375 619 581 710 ὑδρεύεσθαι
599 624 634 689 οί
649 623 814 702 πλέοντες.
851 618 955 702 αύτὸς
974 621 1037 708 μὲν
1056 620 1133 709 θὴσ

135 719 333 792 ἐπανελθύν
360 723 414 791 ἐπὶ
440 721 500 802 τάς
533 724 617 802 ναῦς
644 719 780 792 ἀνέπλει
813 725 848 802 ἐς
871 723 912 790 τά
940 722 1096 794 Πάταλα·

94 847 108 891 ε
135 824 235 912 μέρος
261 823 355 892 δέτι
380 826 438 910 τῆς
464 825 619 912 στρατιᾶς
645 823 687 891 τά
706 822 793 892 αύτά
820 825 926 893 ταῦτα
954 827 1097 912 ἐργασο-

133 924 258 1012 μένους
284 921 368 992 κατά
393 926 456 1010 τὴν
474 931 646 1012 παραλίαν
666 929 824 1012 ἔπεμψεν,
853 925 1024 994 ἐπανιέναι
1040 925 1098 993 καὶ

134 1025 265 1105 τούτοις
292 1025 479 1114 προστάξας
507 1028 541 1105 ἐς
565 1025 607 1092 τά
625 1025 776 1094 Πάταλα.
804 1016 904 1104 αὖθις
922 1025 960 1094 δὲ
978 1024 1023 1105 ολς
1043 1026 1097 1094 ἐπὶ

134 1126 196 1213 τὴν
227 1133 352 1215 λίμνην
386 1125 619 1204 καταπλεύσας
651 1124 754 1194 ἄλλον
789 1125 1008 1214 ναύσταθμον
1040 1127 1098 1196 καὶ

135 1225 260 1308 ἄλλους
285 1234 490 1308 νεωσοίκους
518 1229 668 1296 ἐνταῦθα
685 1226 917 1315 κατεσκεύασε,
944 1227 1001 1296 καί
1027 1254 1098 1315 φυ-

97 1355 122 1396 ιο
136 1328 241 1417 λακὴν
275 1328 468 1398 καταλιπών
502 1331 549 1420 τῷ
583 1335 696 1420 χωρίῳ
730 1329 828 1397 σῖτόν
859 1353 895 1396 τε
928 1326 1010 1396 ὅσον
1041 1329 1099 1398 καὶ

137 1433 171 1510 ές
196 1429 359 1518 τέσσαρας
385 1435 492 1518 μῆνας
511 1428 683 1516 ἐξαρκέσαι
699 1433 742 1518 τῇ
761 1430 896 1518 στρατιᾷ
916 1429 1099 1516 ἐπηγάγετο

135 1531 194 1599 καὶ
219 1522 325 1599 πόλλα
352 1528 416 1599 ὅσα
442 1533 552 1621 ἐντῷ
580 1529 746 1621 παράπλῳ
773 1528 1033 1618 παρεσκεύασεν.

207 1622 272 1700 Ἠν
297 1631 335 1700 δέ
363 1635 399 1700 ἐν
425 1631 487 1720 μὲν
513 1634 559 1722 τῷ
586 1630 661 1700 τότε
686 1628 809 1717 άπορος
835 1629 856 1716 ἡ
884 1629 954 1718 ὥρα
982 1633 1015 1711 ές
1038 1628 1149 1703 τόν21,

137 1733 263 1801 πλοῦν·
297 1737 334 1801 οί
356 1732 422 1820 γάρ
449 1731 571 1818 ἐτήσιοι
596 1728 711 1819 όνεμοι
736 1746 902 1818 κατεῖχον,
929 1738 966 1800 οἳ
988 1730 1030 1817 δὴ
1056 1735 1099 1820 τῇ

97 1859 123 1900 ιι
138 1832 210 1923 ὥρη
244 1835 356 1923 ἐκείνη
388 1831 430 1902 ού
457 1831 611 1920 καθάπερ
644 1829 722 1921 παρ’
756 1831 839 1918 ἡμῖν
873 1829 931 1900 εἶπ’
960 1830 1097 1921 ἄρκτον,

136 1932 222 2003 ἄλλά
242 1932 309 2003 ιἰπό
329 1935 387 2021 τῆς
400 1933 546 2022 μεγάλης
559 1933 733 2022 θαλάσσης
746 1931 830 2001 κατά
843 1932 945 2001 νότον
958 1933 1099 2022 μάλιστα

135 2033 261 2123 ἄνεμον
288 2039 447 2105 ἵστανται.
476 2033 542 2104 άπὸ
569 2033 608 2103 δὲ
633 2035 694 2103 τού
721 2039 881 2122 χειμῶνος
906 2037 965 2120 τῆς
992 2034 1130 2124 ἄρχηςε

135 2137 174 2206 τό
200 2133 267 2206 άπὸ
295 2136 473 2207 Πλειάδων
498 2133 628 2219 θύσεως
660 2141 732 2205 ἐστε
759 2137 814 2206 ἐπί
840 2131 964 2225 τροπάς
996 2131 1035 2214 ἃς
1063 2137 1100 2204 έν

136 2240 273 2326 χειμῶνι
305 2235 324 2306 ό
357 2232 448 2326 ἥλιος
481 2237 671 2325 ἐπιστρέφει
702 2237 828 2324 πλόϊμα
867 2231 953 2304 εἶναι
991 2235 1098 2324 ταύτη

96 2366 124 2406 νο
140 2340 361 2426 ἐξηγγέλλετο.
399 2337 475 2407 τότε
500 2336 568 2426 γάρ
594 2337 677 2405 κατὰ
703 2343 768 2424 γῆν
793 2339 944 2425 μᾶλλον,
976 2332 1032 2406 οία
1057 2337 1099 2422 δὴ

136 2441 251 2531 πολλῷ
264 2436 363 2534 ύθατι
373 2439 405 2519 ἐξ
417 2437 565 2526 ούρανοῦ
574 2440 810 2526 βεβρεγμένην,
825 2435 932 2524 αὔρας
942 2441 1101 2506 ἵστασθαι

136 2537 313 2628 μαλθακός
346 2540 404 2608 καλ
440 2542 473 2619 ἐς
499 2537 559 2607 τόν
585 2537 787 2622 παράπλουν
812 2553 886 2618 ταῖς
911 2564 947 2607 σε
973 2539 1099 2618 κώπαις

136 2641 196 2710 καλ
213 2655 284 2719 τοῖς
304 2644 422 2719 ίστίοις
447 2638 665 2728 ξυμμέτρους.

215 2741 368 2828 Νέαρχος
392 2738 456 2828 μέν
482 2740 523 2827 δὴ
551 2739 740 2826 ἐπιταχθεὶς
757 2740 804 2831 τῷ
821 2741 967 2831 ναυτικῷ
992 2758 1135 2826 προσ-ς

96 2867 124 2912 εσ
139 2843 234 2930 έμενε
266 2841 329 2929 τὴν
361 2839 453 2930 ὥραν
484 2845 546 2909 τού
578 2839 772 2928 παράπλου·
817 2837 920 2920 αύτός
951 2839 990 2909 δέ
1015 2838 1098 2927 ἄρας

138 2947 175 3012 ἐκ
193 2941 360 3014 Πατάλων
378 2948 451 3011 ἐστε
467 2941 531 3029 μέν
549 2942 603 3010 ἐπί
620 2941 681 3010 τόν
699 2940 850 3029 ποταμόν
866 2939 928 3009 τόν
942 2937 1099 3029 Ἀράβιον

137 3044 201 3126 ξύν
218 3049 261 3133 τῇ
279 3045 416 3133 στρατιᾷ
435 3041 526 3131 πόση
546 3040 743 3131 προύχοίρει.
778 3046 910 3112 ἐκεῖθεν
936 3041 985 3127 θέ,
1012 3037 1098 3111 άνα·

138 3142 253 3234 λαρων
278 3149 347 3213 τῶν
372 3142 593 3213 ύπασπιστῶν
618 3144 736 3212 τεκαὶ
762 3146 832 3212 τῶν
857 3144 1003 3225 τοξοτῶν
1019 3145 1099 3224 τοὺς

137 3243 277 3334 ἡμίσεας
303 3245 445 3314 καὶτῶν
463 3249 661 3333 πεζεταίρων
679 3245 898 3332 καλουμένων
915 3244 975 3325 τὰς
992 3244 1098 3325 τάξεις

98 3348 196 3415 εοκαὶ
221 3349 279 3434 τῆς
306 3350 413 3416 ἵππου
439 3351 497 3434 τῆς
525 3347 687 3434 ἑταιρικῆς
711 3345 803 3416 τότε
820 3345 931 3434 ἄγημα
947 3346 1004 3413 καὶ
1024 3352 1099 3433 λλην

139 3443 201 3536 ἀφ’
233 3447 372 3535 ἑκάστης
401 3453 583 3537 ίππαρχίας
601 3448 658 3516 καὶ
675 3446 757 3527 τούς
776 3445 993 3529 ἱπποτοξότας
1011 3444 1100 3533 ξύμ·

137 3573 278 3638 παντας,
297 3546 341 3630 άς
362 3548 416 3619 ἐπὶ
436 3548 498 3638 τὴν
511 3547 689 3618 θάλασσαν
704 3549 740 3618 ἐν
754 3546 909 3640 ἀριστερᾷ
928 3545 1099 3637 ἐτράπετο,

187 3670 321 3713 mum.
860 3662 893 3713 ¹8
