2678 3950
500 252 685 306 ΔΝΑΒΑΣΙΣ
704 257 731 317 δ,
751 256 793 307 21.
1059 250 1123 316 229

163 410 361 480 Σισικόττου
387 414 449 479 τοῦ
473 410 690 499 Ἀσσακηνῶν
707 411 880 498 σατράπου
907 409 1052 498 ἄγγελοι,
1075 407 1124 479 ὅτι

161 511 222 580 τόν
248 539 283 580 τε
307 509 460 599 ὕπαρχον
488 515 587 601 σφῶν
614 509 834 592 ἀπεκτονότες
860 510 929 581 εἶεν
954 517 990 581 οί
1002 510 1123 582 Ἀσσα-

162 614 260 699 κηνοὶ
285 614 344 681 καὶ
371 612 429 681 ἀπ’
460 611 683 701 Ἀλεξάνδρου
711 612 944 701 ἀφεστηκότες.
982 615 1040 681 καὶ
1067 614 1123 681 ἐπὶ

162 714 304 793 τούτους
341 722 512 783 Φίλιππον
545 717 703 801 ἐκπέμπει
733 715 790 783 καὶ
831 714 1024 801 Ῥυριάσπην
1058 713 1124 783 σῦν

136 818 303 904 ιστρατιᾷ
328 813 370 883 τά
398 817 476 905 περὶ
502 814 565 902 τὴν
579 814 796 903 Ἀσσακηνῶν
822 816 937 903 χῶραν
958 834 1124 901 καταστη-

163 917 327 1003 σομένους
353 918 411 985 καὶ
437 918 677 1004 κοσμήσοντας.

239 1013 355 1096 Αῦτδς
382 1016 420 1086 δὲ
438 1015 484 1097 ῶς
504 1021 559 1087 ἐπὶ
577 1018 638 1088 τὸν
652 1018 827 1105 Ἀκεσίνην
845 1018 997 1106 ποταμὸν
1014 1013 1123 1105 προῦ-
1142 1029 1158 1079 8

162 1119 270 1205 γάρτι.
311 1117 435 1188 τοῦτον
462 1122 523 1188 τοῦ
539 1118 713 1190 Ἀκεσίνου
740 1123 893 1207 ποταμοῦ
919 1120 955 1188 τὸ
982 1121 1125 1208 μέγεθος

162 1221 270 1306 μόνον
302 1221 372 1288 τῶν
395 1217 513 1290 Ἰνδῶν
539 1225 700 1308 ποταμῶν
726 1228 935 1308 Πτολεμαῖος
961 1217 979 1289 ὁ
1006 1219 1124 1305 Λάγον

127 1345 151 1384 ιο
165 1319 373 1407 ἀνέγραψεν·
410 1320 497 1390 εἶναι
527 1322 594 1410 γὰρ
625 1326 683 1390 ἵνα
711 1323 871 1410 ἐπέρασεν
903 1319 1008 1389 αῦτὸν
1030 1319 1125 1391 Ἀλέ-

165 1424 307 1510 ξανδρος
334 1422 389 1491 ἐπὶ
415 1425 485 1491 τῶν
510 1430 640 1492 πλοίων
656 1451 692 1492 τε
709 1425 766 1491 καὶ
784 1428 853 1491 τῶν
871 1424 1044 1511 διφθερῶν
1062 1421 1125 1503 ξῦν

134 1569 145 1596 ι
165 1525 207 1612 τῇ
228 1527 365 1612 στρατιᾷ
384 1523 421 1592 τὸ
440 1523 502 1609 μὲν
521 1527 628 1612 ῥεῦμα
647 1522 706 1605 ὀξυ
727 1527 788 1592 τοῦ
800 1523 973 1593 Ἀκεσίνου
992 1525 1139 1613 πέτραις,

165 1623 324 1710 μεγάλαις
350 1625 407 1692 καὶ
434 1623 573 1710 ὀξείαις,
601 1620 684 1694 καθ’
714 1616 762 1692 ῶν
787 1625 975 1713 φερόμενον
1000 1632 1060 1714 βίηι
1086 1625 1124 1692 τὸ

166 1724 263 1812 ὕδωρ
289 1733 519 1813 κυμαίνεσθαί
541 1752 577 1794 τε
601 1727 659 1794 καὶ
685 1724 870 1813 καχλάζειν·
908 1724 946 1794 τό
973 1725 1010 1794 δὲ
1029 1717 1125 1814 εὖρος

129 1847 153 1888 ιε
167 1831 328 1905 σταδίους
362 1827 491 1912 ἐπέχειν
516 1831 764 1896 πεντεκαίδεκα.
816 1842 886 1906 τοῖς
912 1826 974 1915 μὲν
1001 1827 1042 1914 δὴ
1071 1829 1159 1896 έπὶ9
1265 1844 1268 1848 ’

165 1932 233 1994 τῶν
259 1932 432 2017 διφθερῶν
450 1933 596 2017 περῶσιν
617 1927 747 2016 εάμαρη
760 1931 917 2014 γενέσθαι
929 1927 990 1997 τδυ
1002 1928 1124 2016 πόρον·

164 2027 246 2108 τοῦς
272 2028 310 2097 δέ
329 2033 366 2098 έν
384 2045 455 2109 τοῖς
477 2035 605 2110 πλοίοις
623 2030 863 2118 διαβάλλοντας
882 2029 1125 2099 ἐποκειλάντων

165 2133 301 2198 πολλῶν
327 2137 456 2199 πλοίων
482 2131 537 2200 ἐπὶ
554 2147 628 2211 ταῖς
645 2133 782 2219 πέτραις
808 2133 865 2199 καλ
892 2131 1124 2218 ξυναραχθέυ-

165 2258 232 2300 των
259 2230 323 2300 οῦκ
350 2231 489 2318 ὀλίγους
516 2231 623 2302 αὐτοῦ
648 2235 685 2300 έν
702 2239 751 2324 τῷ
769 2230 869 2301 ῦδατι
887 2235 1124 2320 διαφθαρῆναι.

128 2354 152 2394 ιο
167 2342 217 2420 είη
250 2328 292 2400 διν
326 2323 389 2400 οῦν
423 2336 460 2402 έκ
492 2336 593 2402 τοῦδε
618 2339 680 2402 τοῦ
706 2334 811 2419 λόγου
838 2333 1024 2414 ξυντιθέντι
1051 2359 1126 2402 τεκ-

165 2437 369 2521 μηριοῦσθαι
395 2432 445 2501 ότι
472 2433 512 2502 οῦ
538 2434 653 2523 πόρρω
676 2439 737 2502 τοῦ
764 2433 914 2521 άληθοῦς
938 2431 1125 2523 άναγέγρα·

165 2559 243 2602 πται
252 2537 313 2602 τοῦ
327 2531 438 2602 Ἰνδοῦ
449 2541 601 2622 ποταμοῦ
615 2535 653 2603 τό
664 2536 807 2622 μέγεθος
817 2531 906 2614 ὅσοις
918 2537 950 2614 ές
961 2535 1126 2624 τεσσαρά-

165 2661 267 2704 κοντα
301 2640 460 2715 σταδίους
494 2639 588 2704 δοκεί
618 2639 678 2704 τοῦ
703 2635 811 2705 Ἰνδοῦ
846 2633 932 2705 εἶναι
956 2637 994 2704 τδ
1027 2627 1125 2724 εῦρος

167 2741 224 2806 ἵνα
241 2737 350 2823 μέσως
369 2742 434 2822 ἔχει
452 2733 555 2817 αὐτὸς
574 2734 681 2805 αῦτοῦ
697 2734 847 2816 δἸνδός·
874 2741 931 2804 ἵνα
949 2737 986 2806 δὲ
1000 2738 1125 2806 στενά-

129 2863 154 2905 νε
167 2838 267 2917 τατός
300 2865 335 2908 τε
367 2839 424 2906 καὶ
458 2837 512 2907 διά
545 2837 723 2926 στενότητα
749 2837 941 2927 βαθάτατος
980 2840 1014 2918 ές
1045 2839 1125 2918 τοῦς

166 2944 403 3008 πεντεκαίδεκα
428 2938 647 3025 ξυνάγεσθαι·
674 2940 731 3008 καί
749 2942 857 3008 ταῦτα
873 2944 1023 3026 πολλαχῆ
1040 2937 1127 3009 εἶναι

166 3045 227 3108 τοῦ
248 3039 369 3110 Ἰνδοῦ.
403 3042 460 3108 καὶ
487 3041 551 3127 γάρ
577 3043 634 3109 καὶ
660 3044 721 3109 τοῦ
746 3040 921 3110 Ἀκεσίνου
947 3049 1126 3131 τεκμαίρο-

165 3169 223 3229 μαι
251 3143 463 3224 ἐπιλέξασθαι
476 3139 697 3229 Ἀλέξανδρον
714 3147 835 3231 ’ίναπερ
859 3141 896 3209 τδ
916 3143 1126 3211 πλατύτατον

164 3235 209 3330 ἦν
222 3244 283 3312 τοῦ
298 3242 418 3330 πόρον,
440 3241 485 3322 ῶς
499 3244 699 3335 σχολαιτέρῳ
714 3243 902 3333 χρήσασθαι
914 3247 962 3335 τῷ
977 3241 1124 3332 ρεάματι.

128 3368 153 3409 ω
242 3343 399 3433 Περάσας
426 3342 464 3412 δὲ
490 3343 550 3411 τόν
576 3342 725 3431 ποταμόν
750 3353 878 3414 Κοῖνον
903 3344 966 3432 μὲν
992 3343 1056 3426 ξῦν
1081 3347 1123 3433 τῇ
1135 3347 1175 3414 21

166 3442 273 3514 αῦτοῦ
301 3445 390 3526 τάξει
416 3443 589 3514 ἀπολείπει
615 3444 722 3514 αὐτοῦ
750 3447 805 3514 έπλ
831 3449 873 3534 τῇ
893 3443 992 3532 ὄχθη,
1019 3467 1125 3536 προσ-

164 3546 267 3629 τάξας
286 3548 511 3636 ἐπιμελεῖσθαι
528 3551 587 3634 τῆς
604 3545 885 3635 ὑπολελειμμένης
900 3549 1054 3638 στρατιᾶς
1067 3550 1125 3634 τῆς
