2650 3948
225 226 265 291 10
578 223 828 284 ελεΞεαΔΡου

190 381 207 432 ε
306 368 419 459 Ταύτη
437 366 499 456 μέν
517 363 558 455 δή
581 372 624 458 τή
640 365 747 457 ἡμέρᾳ
765 371 981 447 κατακλείσας
1005 360 1130 446 αύτούς
1147 366 1181 446 ές

223 467 287 557 τήν
311 469 411 539 πόλιν
435 469 491 538 καὶ
514 467 881 557 στρατοπεδευσάμενος
905 465 989 559 πρός
1010 472 1058 560 τῷ
1081 473 1182 556 τείχει

225 570 362 656 έγνοόκει
370 575 599 662 περιτειχισμῷ
612 568 806 639 ἀποκλεῖσαι
818 567 960 650 αύτούς·
974 573 1015 660 τῇ
1029 568 1067 638 δὲ
1078 561 1181 638 όστε-

225 679 306 762 ραίρι
327 677 440 761 παρῆν
456 669 538 760 μετά
556 675 681 759 πολλής
700 671 875 759 δυνάμεως
893 677 1060 750 Γλαυκίας
1077 666 1098 740 ό
1114 675 1182 738 τῶν

230 781 446 842 Ταυλαντίων
462 771 630 860 βασιλεύς.
657 778 744 842 ἔνθα
761 771 803 860 δή
813 771 1029 861 Ἀλέξανδρος
1045 769 1108 858 τήν
1120 769 1183 858 μέν
1209 797 1223 838 ι

158 910 160 914 ·
225 874 323 944 πόλιν
349 871 485 960 ἀπέγνω
512 875 601 944 ἑλεῖν
626 869 670 944 ἀν
695 873 760 956 ξύν
782 879 824 964 τῇ
850 873 1004 964 παρούσῃ
1030 871 1182 960 δυνάμει,

225 981 361 1045 πολλῶν
376 975 439 1064 μέν
463 977 496 1055 ές
514 969 622 1062 αύτήν
638 975 695 1043 καὶ
717 981 870 1063 μαχίμων
888 970 1183 1063 ξυμπεφευγότων,

114 1139 116 1148 ,
225 1082 360 1146 πολλῶν
377 1077 415 1146 δὲ
431 1075 499 1166 άμα
515 1081 562 1168 τῷ
575 1083 727 1168 Γλαυκίᾳ
743 1077 1050 1164 προσκεισομένων,
1069 1081 1103 1144 εί
1118 1074 1184 1144 αύ-

192 1176 284 1258 9τὸς
301 1183 348 1270 τῷ
365 1185 464 1266 τείχει
481 1177 712 1268 προσμάχοιτο.
749 1177 903 1247 Φιλώταν
916 1177 955 1246 δὲ
971 1173 1184 1262 ἀναλαβόντα

226 1283 295 1348 των
320 1280 449 1349 ἱππέων
466 1277 567 1358 ὅσους
593 1280 626 1358 ές
643 1276 866 1367 προφυλακήν
889 1279 946 1347 καὶ
962 1277 1003 1347 τά
1020 1269 1184 1364 όποζύγια
1198 1305 1224 1347 ιο
1315 1275 1316 1346 λ

226 1378 266 1449 τά
287 1381 323 1448 ἐκ
340 1385 401 1450 τοῦ
421 1380 646 1470 στρατοπέδου
665 1381 698 1459 ές
717 1378 920 1468 ἐπισιτισμόν
938 1385 1092 1468 ἔπεμπεν.
1127 1379 1184 1447 καὶ

227 1479 246 1550 ό
271 1487 437 1562 Γλαυκίας
463 1478 585 1568 μαθοδν
608 1477 670 1566 τήν
696 1472 804 1569 ὁρμήν
829 1487 898 1550 τῶν
920 1479 1006 1570 ἀμφὶ
1032 1479 1185 1550 Φιλύταν
1315 1499 1316 1520 ¹

229 1581 396 1664 ἐξελαύνει
419 1579 472 1652 ἐπ’
499 1577 641 1668 αύτούς,
665 1581 722 1649 καλ
744 1581 990 1670 καταλαμβάνει
1010 1581 1051 1651 τά
1070 1580 1184 1674 κύκλφ
1315 1609 1316 1696 ρ

229 1682 291 1774 ὅρη
316 1688 379 1752 τοῦ
396 1687 533 1768 πεδίου,
559 1680 643 1751 ὅθεν
666 1686 702 1752 ol
717 1681 781 1765 ξύν
799 1683 931 1774 Φιλώτᾳ
956 1686 1186 1755 ἐπισιτιεῖσθαι
1315 1713 1316 1750 ι

180 1801 211 1850 10
229 1791 376 1872 ἔμελλον.
412 1780 627 1872 Ἀλέξανδρος
651 1785 705 1870 δέ,
733 1783 845 1872 ἐπειδή
872 1782 1069 1874 ἀπηγγέλθη
1093 1779 1185 1877 αύτῷ
1199 1811 1224 1853 ιι

228 1885 279 1955 ὅτι
302 1884 560 1954 κινδυνεύουσιν
578 1888 662 1952 οἵτε
686 1889 798 1966 ἱππεῖς
814 1885 871 1954 καὶ
892 1885 933 1954 τά
951 1884 1130 1974 ὑποζύγια,
1155 1890 1188 1954 εί

228 1985 291 2068 νύξ
310 1983 435 2066 αύτούς
452 1983 692 2074 καταλήψεται,
713 1983 815 2066 αύτδς
831 1984 894 2074 μέν
911 1983 1090 2076 ἀναλαβών
1106 1985 1186 2067 τούς

228 2115 264 2157 τε
280 2080 493 2168 ύπασπιοτάς
515 2086 571 2155 καὶ
587 2084 666 2166 τούς
683 2085 818 2169 τοξότας
835 2087 892 2156 καὶ
913 2087 992 2170 τούς
1011 2087 1186 2179 Ἀγριᾶνας
1314 2141 1316 2214 1

229 2189 286 2258 καὶ
305 2189 425 2269 ἱππέας
449 2185 483 2268 ἒς
506 2193 739 2277 τετρακοσίους
763 2185 897 2276 ἐβοήθει
920 2195 1068 2281 σπουδή·
1091 2189 1128 2260 τό
1147 2189 1186 2258 δὲ
1315 2215 1316 2268 ι

229 2285 311 2359 ἀλλο
338 2289 525 2379 στράτευμα
554 2285 639 2378 πρός
667 2293 710 2380 τή
736 2289 831 2359 πόλει
854 2285 1034 2380 ἀπέλιπεν,
1066 2290 1111 2372 ἀς
1140 2288 1183 2380 μή
1197 2318 1223 2360 ει
1315 2281 1316 2288 ¹

229 2389 508 2481 ἀποχωρήσαντος
531 2388 655 2470 παντός
677 2396 740 2460 τού
764 2397 908 2481 στρατοῦ
931 2393 987 2461 καλ
1009 2397 1045 2462 οί
1067 2390 1104 2464 ἐκ
1127 2398 1186 2480 τής

167 2510 170 2513 ’
229 2493 358 2572 πόλεως
371 2489 608 2582 ἐπιδραμόντες
620 2506 689 2572 τοῖς
702 2490 789 2581 ἀμφὶ
798 2500 969 2564 Γλαυκίαν
982 2495 1186 2584 ξυμμίξειαν.
1315 2499 1316 2506 '

181 2607 211 2657 11
232 2601 316 2663 ἔνθα
329 2592 371 2680 δή
386 2599 554 2674 Γλαυκίας
566 2591 778 2682 προσάγοντα
791 2591 1010 2684 Ἀλέξανδρον
1022 2595 1187 2684 αἰσθόμε-
1315 2601 1316 2610 ‘

230 2723 288 2776 νος
319 2693 460 2764 ἐκλείπει
484 2691 525 2762 τά
548 2690 625 2782 ὅρη·
656 2699 692 2762 oc
708 2693 752 2790 ¹152
778 2693 841 2776 ξύν
869 2696 1002 2788 Φιλώτᾳ
1026 2694 1187 2783 ἀσφαλῶς

231 2793 286 2866 ἐπὶ
302 2795 340 2865 τό
361 2793 584 2882 στρατόπεδον
599 2793 819 2882 διεστάθησαν.
846 2793 989 2867 ἐδόκουν
1008 2795 1041 2866 δ’
1062 2803 1110 2867 ἔτι
1125 2795 1187 2866 τόν
1200 2824 1227 2867 τε

228 2894 448 2984 Ἀλέξανδρον
472 2893 510 2964 έν
527 2899 699 2988 δυσχωρίᾳ
723 2895 939 2986 ἀπειληφέναι
962 2903 998 2966 οί
1019 2895 1105 2986 ἀμφὶ
1127 2897 1188 2968 τόν
1315 2917 1316 2924 ’

232 3008 375 3070 Κλεῖτον
391 2997 448 3065 καί
465 3005 651 3068 Γλαυκίαν·
683 2997 725 3068 τά
741 3025 776 3068 τε
792 2998 858 3088 γάρ
875 2995 938 3088 όρη
953 2997 994 3066 τά
1010 2997 1188 3088 ὑπερδέξια

231 3115 383 3189 κατεῖχον
396 3107 532 3180 πολλοῖς
544 3099 607 3188 μέν
617 3105 765 3187 ίππεύσι,
783 3109 918 3181 πολλοῖς
931 3099 969 3168 δέ
981 3097 1188 3182 ἀκοντισταῖς
1314 3119 1316 3178 λ

232 3202 288 3271 καὶ
306 3201 543 3290 σφενδονήταις
566 3200 623 3269 καλ
646 3195 797 3280 ὁπλίταις
821 3201 859 3268 δὲ
882 3198 945 3270 ούκ
965 3199 1108 3290 ὀλίγοις,
1131 3203 1189 3272 καὶ
1315 3201 1316 3292 ή

233 3308 268 3373 οῖ
283 3305 320 3373 έν
342 3305 386 3394 τῇ
407 3301 501 3373 πόλει
522 3303 774 3391 κατειλημμένοι
794 3309 1055 3390 προσκείσεσθαι
1077 3301 1186 3372 ἀπαλ-
1201 3331 1228 3374 ω

183 3417 215 3466 12
232 3405 441 3490 λαττομένοις
459 3409 611 3492 ἔμελλον·
637 3403 729 3472 τότε
745 3409 850 3491 χωρία
866 3401 911 3470 δι’
931 3395 980 3473 τόν
1002 3403 1023 3494 ή
1042 3405 1188 3495 πάροδος

231 3499 274 3592 ἦν
290 3511 337 3597 τῷ
352 3502 558 3599 Ἀλεξάνδρῳ
574 3502 673 3572 στενά
690 3503 745 3572 καλ
760 3499 872 3592 άλόδη
887 3505 1053 3594 ἐφαίνετο,
1071 3509 1115 3598 τη“
1125 3506 1188 3595 μὲν
