2650 3948
438 253 622 306 εαεεεειε
641 257 664 315 1,
682 257 707 307 ι.
726 258 767 308 10.
1043 254 1084 320 19

123 391 142 464 ὅ
162 391 269 482 φόνος
287 393 412 482 πολύς,
436 388 490 462 ola
507 393 549 482 δή
568 396 601 476 ἐξ
619 391 803 482 ὁμοφύλων
819 421 856 464 τε
872 395 928 464 καὶ
945 395 1086 478 παλαιάς

124 493 309 582 ἀπεχθείας
329 493 543 582 ἐπεξιόντων,
569 495 626 564 καλ
651 492 669 563 ὁ
694 500 752 584 τής
775 495 904 577 πόλεως
922 497 1085 586 παντελής

125 594 415 685 ἀνδραποδισμός,
442 594 585 685 δυνάμει
607 623 643 666 τε
660 597 718 664 καὶ
731 595 812 687 δύξη
837 599 870 677 ές
887 596 928 667 τά
946 599 1086 687 πολέμια

124 702 194 766 τοῖν
218 696 291 766 τότε
316 695 520 786 προεχούσης
538 701 576 768 ἐν
591 695 843 787 τοίςἝλλησιν,
861 696 925 767 οὐκ
943 701 1006 782 ἔξω
1024 704 1086 769 τοῦ

100 797 255 877 τείκότος
273 803 321 879 είς
344 803 446 886 μήυιν
462 795 524 885 τήν
541 796 605 867 ἀπό
625 803 685 868 τοῦ
701 805 801 869 θείου
825 797 1012 889 ἀνηνέχθη,
1041 799 1086 882 οἱς
1118 813 1135 865 ’1

124 905 183 986 τῆς
196 923 232 967 τε
243 901 335 990 ἐντῷ
350 903 494 992 Μηδικῷ
509 901 642 992 πολέμῳ
651 904 832 989 προδοσίας
841 907 910 969 τῶν
919 900 1087 990 Ἑλλήνων

126 998 183 1068 διά
201 1005 333 1090 μακροῦ
351 999 477 1087 ταύτην
496 1004 595 1087 δίκην
618 1002 811 1083 ἐκτίσαντας
830 1009 1010 1090 Θηβαίους,
1029 1003 1087 1072 καὶ

125 1107 183 1189 τής
201 1106 381 1170 Πλαταιῶν
405 1107 443 1170 ἔν
464 1128 501 1170 τε
523 1115 597 1181 ταῖς
619 1107 781 1183 σπονδαῖς
798 1103 1013 1192 καταλήψεως
1030 1104 1086 1172 καὶ

126 1207 187 1272 τοῦ
205 1208 392 1282 παντελοῦς
409 1199 686 1290 ἀνδραποδισμοῦ
709 1208 768 1292 τῆς
785 1200 931 1291 πόλεως,
956 1207 1012 1274 καὶ
1029 1210 1087 1291 τῆς

90 1335 114 1374 ιο
125 1309 195 1372 τῶν
204 1302 429 1392 παραδόντων
438 1310 526 1391 σφᾶς
536 1308 811 1392 Λακεδαιμονίοις
824 1300 886 1393 ούχ
895 1303 1087 1394 Ἑλληνικῆς
1177 1330 1182 1338 ·

126 1404 310 1493 γενομένης
327 1403 382 1473 διά
397 1410 565 1493 Θηβαίους
583 1410 726 1494 σφαγής,
743 1407 801 1476 καλ
816 1411 877 1476 τοῦ
890 1413 1015 1496 χωρίου
1028 1410 1088 1494 τής

127 1503 325 1594 ἐρημώσεως
340 1508 376 1574 έν
390 1505 457 1600 ὅτφ
471 1505 669 1593 οίἝλληνες
682 1506 947 1596 παραταξάμενοι
956 1507 1088 1595 Μήδοις

126 1601 308 1676 ἀπώσαντο
325 1612 383 1693 τῆς
397 1604 553 1687 Ἑλλάδος
577 1607 637 1676 τόν
654 1613 829 1693 κίνδυνον,
847 1609 904 1676 καλ
921 1608 970 1678 ὅτι
984 1605 1088 1696 Ἀθη-

127 1715 247 1787 ναίους
265 1705 363 1776 αύτολ
380 1711 422 1798 τῇ
440 1709 542 1801 ψήφῳ
567 1705 747 1777 ἀπάλλυον
772 1708 827 1778 ὅτε
852 1707 941 1798 ὑπὲρ
959 1708 1089 1800 ἀνδρα-

92 1837 115 1878 ιε
128 1814 295 1897 ποδισμοῦ
309 1813 367 1896 τής
382 1808 510 1889 πόλεως
523 1808 640 1898 γνύμη
653 1807 825 1898 προύτέθη
844 1812 881 1879 έν
895 1825 965 1892 τοῖς
978 1821 1086 1882 Λακε-

128 1915 314 1999 δαιμονίων
338 1910 530 2000 ξυμμάχοις.
567 1911 638 1980 ἐπεὶ
662 1911 718 1978 καὶ
742 1909 807 2001 πρὸ
831 1916 889 2000 τῆς
916 1914 1088 2002 ξυμφορᾶς
1120 1925 1138 1978 8

129 2009 235 2082 πολλά
262 2007 332 2080 ἀπό
358 2017 421 2081 τοῦ
444 2021 542 2084 θείου
568 2015 764 2099 ἐπισημῆναι
781 2013 926 2100 ἐλέγετο,
950 2010 1032 2101 ἀδή
1052 2016 1088 2082 ἐν

128 2113 190 2201 μὲν
215 2118 266 2206 τῷ
290 2121 480 2202 παραυτίκα
505 2109 675 2202 ἠμελήθη,
701 2111 845 2202 ῦστερον
871 2113 910 2182 δὲ
931 2113 953 2202 ή
976 2114 1088 2204 μνήμη

132 2212 215 2284 αῦτά
246 2217 279 2294 ἐς
292 2213 454 2302 λογισμόν
467 2221 528 2285 τοῦ
542 2218 578 2284 ἐκ
591 2213 693 2283 πάλαι
707 2214 762 2284 ἐπὶ
778 2229 848 2296 τοῖς
861 2215 1090 2304 ξυνενεχθεῖσι

95 2344 119 2385 ιο
132 2323 410 2405 προσημανθῆναι
427 2313 599 2406 ἀνήνεγκε.

212 2428 292 2498 Τοίς
306 2417 343 2488 δὲ
360 2422 562 2506 μετασχοῦσι
574 2422 635 2486 τοῦ
653 2423 753 2504 ἔργου
767 2416 959 2504 ξυμμάχοις,
978 2411 1028 2498 οἷς
1046 2416 1088 2506 δή
1122 2431 1139 2482 0

133 2519 188 2589 καὶ
207 2519 389 2608 ἐπέτρεψεν
408 2514 625 2607 Ἀλέξανδρος
642 2516 682 2586 τά
709 2516 792 2586 κατὰ
809 2515 869 2598 τάς
887 2516 998 2604 Θήβας
1016 2522 1090 2587 δια-

132 2630 264 2706 θεῖναι,
290 2619 351 2707 τήν
377 2618 439 2708 μὲν
462 2626 636 2708 Καδμείαν
660 2621 795 2709 φρουρᾷ
816 2619 966 2706 κατέχειν
985 2621 1089 2708 ἔδοξε,

134 2721 194 2810 τήν
212 2721 308 2790 πόλιν
326 2721 364 2792 δὲ
380 2721 589 2803 κατασκάψαι
601 2726 650 2800 είς
668 2724 807 2807 ἔδαφος,
825 2720 882 2788 καὶ
898 2718 960 2807 τήν
976 2719 1090 2810 χάραν

99 2849 122 2890 ετ
135 2837 330 2910 κατανεῖμαι
345 2836 415 2904 τοῖς
433 2821 612 2911 ξυμμάχοις
630 2820 690 2908 ὅση
706 2818 751 2908 μή
770 2819 843 2908 ίερά
861 2815 981 2908 αύτῆς·
1007 2835 1085 2890 παῖ·

136 2929 195 3005 δας
213 2925 250 2993 δέ
268 2925 324 2992 καλ
341 2938 504 3011 γυναῖκας
518 2924 575 2992 καλ
592 2922 664 2992 ὅσοι
681 2919 902 2991 ὑπελείποντο
918 2929 1088 3011 Θηβαίων,

135 3024 225 3114 πλήν
248 3030 318 3094 τῶν
336 3025 453 3114 ἱερέων
469 3052 504 3094 τε
521 3025 577 3094 καὶ
595 3029 726 3113 ίερειῦν
743 3023 800 3092 καλ
826 3021 900 3092 ὅσοι
917 3023 1005 3104 ξένοι
1025 3034 1089 3095 Φι-

137 3132 262 3196 λίππου
293 3122 313 3214 ή
341 3124 562 3214 Ἀλεξάνδρου
592 3122 613 3213 ή
644 3123 715 3193 ὅσοι
744 3122 898 3211 πρόξενοι
928 3125 1088 3195 Μακεδό-

135 3255 206 3296 νων
232 3227 403 3314 ἐγένοντο,
434 3223 689 3316 ἀνδραποδίσαι.
733 3225 790 3294 καί
820 3223 882 3312 τήν
911 3225 1087 3316 Πινδάρου
1108 3240 1140 3289 10

103 3350 125 3392 ιο
139 3327 175 3397 δὲ
191 3333 252 3398 τοῦ
270 3334 408 3417 ποιητοῦ
426 3333 536 3397 οίκίαν
550 3327 606 3396 καλ
622 3325 702 3406 τούς
719 3323 908 3412 ἀπογόνους
921 3331 982 3395 τοῦ
1000 3337 1089 3398 Πιν-

138 3428 244 3517 δάρου
271 3430 425 3516 λέγουσιν
455 3428 505 3498 ὅτι
534 3427 733 3516 διεφύλαξεν
755 3423 973 3518 Ἀλέξανδρος
999 3432 1093 3496 αίδοτ

138 3535 178 3622 τή
197 3530 380 3619 Πινδάρου.
420 3530 474 3600 ἐπὶ
492 3529 621 3612 τούτοις
642 3523 842 3619 Ὀρχόμενόν
866 3529 975 3596 τεκαὶ
993 3534 1086 3597 Πλα-

905 3642 939 3691 2·
