2664 3946
221 237 282 304 γης
572 234 826 294 unz-:Amor

218 405 277 460 τος
294 379 447 466 ποταμοῦ
462 375 617 466 κάθηται,
636 377 792 464 ἐγνωκώς
807 385 931 464 είργειν
944 374 1179 466 Ἀλέξανδρον,

221 488 254 552 εί
270 486 451 569 διαβαίνοι·
477 480 534 548 καί
552 477 639 548 εἶναι
651 477 745 570 αάτςό
765 479 925 566 στρατιάν
942 478 1030 547 πολδ
1044 487 1179 566 μείζονα

185 595 204 650 ⁵
221 573 354 670 ἢξδνῇ
370 585 407 652 ἐν
421 589 556 671 Κιλικίᾳ
571 580 717 668 ἐμάχετο.
740 585 847 648 ταῦτα
861 578 1010 660 ἀκούσας
1019 579 1179 662 Ἀλέξαν-

221 689 302 772 δρος
319 681 372 772 ᾔει
395 684 529 770 σπουδῂ
556 679 601 761 ἀς
626 683 683 750 ἐπὶ
698 679 760 749 τόν
783 689 939 769 Τίγρητα.
976 678 1021 762 ὥς
1038 681 1077 750 δὲ
1093 680 1178 770 ἀφί-

221 811 317 872 κετο,
341 781 419 852 οὔτε
441 781 549 853 αάτδν
571 793 721 871 Δαρείου
743 782 991 871 καταλαμβάνει
1014 779 1092 852 οὔτε
1115 782 1204 868 τήνι

223 884 380 974 φυλακὴν
393 881 511 970 ἥντινα
521 882 733 953 ἀπολελοίπει
743 895 901 972 Δαρεῖος,
915 883 1001 952 ἀλλά
1015 889 1180 972 διαβαίνει

221 986 283 1056 τὸν
301 985 422 1075 πόρον,
439 989 591 1072 χαλεπῶς
608 984 671 1072 μὲν
684 985 724 1054 δι’
743 983 887 1073 ὀξότητα
900 989 961 1053 τοῦ
981 987 1058 1074 ῥοῦ,
1076 983 1178 1054 οὐδε-

222 1088 281 1168 νδς
299 1086 337 1156 δὲ
355 1097 536 1173 είργοντος.

188 1203 207 1256 ⁸
293 1187 461 1258 Ἐνταῦθα
478 1186 646 1258 ἀναπαύει
660 1186 721 1256 τὸν
743 1185 903 1276 στρατόν·
929 1188 1063 1274 καὶτῆς
1080 1186 1180 1274 σελή-

222 1316 283 1377 νης
300 1291 338 1358 τὸ
357 1286 445 1358 πολδ
465 1288 595 1369 ἐκλιπὲς
615 1289 760 1374 ἐγένετο·
786 1290 844 1357 καὶ
858 1287 1077 1378 Ἀλέξανδρος
1096 1295 1178 1358 ἔδαε
1191 1317 1217 1358 ιο

222 1394 265 1479 τῇ
283 1417 319 1460 τε
336 1390 459 1479 σελήνῃ
474 1392 532 1459 καὶ
548 1393 595 1482 τῷ
609 1389 695 1481 ἡλίῳ
708 1390 766 1458 καὶ
782 1392 824 1478 ιη’
842 1391 901 1477 γῇ,
918 1386 1006 1456 ὅτων
1022 1387 1060 1457 τδ
1080 1395 1180 1478 ἔργον

222 1495 324 1561 τοῦτο
348 1491 448 1579 λόγος
466 1489 552 1560 εἶναι
574 1492 711 1577 κατέχει.
743 1492 801 1559 καὶ
826 1490 933 1560 ἐδόκει
952 1489 1179 1582 Ἀριστάνδρῳ

223 1591 308 1681 πρός
326 1592 538 1663 Μακεδόνων
555 1593 613 1660 καὶ
627 1591 852 1682 Ἀλεξάνδρου
865 1590 951 1660 εἶναι
967 1595 1027 1678 της
1040 1591 1180 1679 σελήνης

223 1695 261 1764 τό
287 1694 430 1782 πάθημα
453 1695 511 1762 καί
536 1696 668 1763 ἐκείνου
685 1696 746 1762 τοῦ
764 1691 869 1782 μηνὸς
889 1699 1024 1762 ἔσεσθαι
1039 1691 1061 1781 ἡ
1078 1693 1179 1780 μάχη,

224 1797 282 1864 καί
306 1797 436 1864 ἐκτῶν
462 1797 563 1884 ίερῶν
587 1801 688 1882 νίκην
717 1801 941 1882 σημαίνεσθαι
957 1793 1216 1885 Ἀλεξάνδρων

191 1912 207 1963 λ
225 1894 309 1984 ἀρας
327 1895 366 1964 δέ
383 1895 450 1964 ἀπδ
465 1898 526 1964 τοῦ
548 1903 709 1986 Τίγρητος
719 1893 772 1984 ᾔει
785 1895 839 1963 διά
853 1897 911 1982 τῆς
921 1892 1097 1982 Ἀτουρίας
1110 1895 1179 1982 χά-

225 2023 298 2085 ρας,
313 1999 349 2066 ἐν
359 1995 515 2087 ἀριστερᾷ
525 1997 588 2084 μὲν
599 2003 684 2083 ἔχων
692 1993 734 2064 τά
744 2002 943 2085 Γορδυαίων
953 1995 1027 2084 ὅρη,
1042 1999 1079 2066 ἐν
1088 1998 1179 2085 δεξιᾷ

225 2096 265 2168 δὲ
288 2095 395 2166 αάκδν
418 2097 479 2166 τὸν
508 2106 664 2185 Τίγρητα.
695 2097 834 2187 τετάρτη
852 2097 891 2166 δὲ
908 2095 1017 2187 ἡμέρα
1034 2095 1101 2166 ἀπδ
1120 2101 1180 2184 τῆς

226 2198 410 2287 διαβάσεως
441 2202 478 2267 οί
503 2199 687 2288 πρόδρομοι
716 2197 809 2289 αὐτῷ
843 2200 1100 2284 ἐξαγγέλλουσιν
1131 2196 1181 2267 ότι

227 2305 340 2380 ίππεῑς
358 2290 452 2369 οὗτοι
468 2301 618 2386 πολέμιοι
631 2298 697 2368 ἀνά
714 2299 752 2367 τό
771 2304 889 2368 πεδίον
903 2307 1095 2387 φαίνονται,
1108 2297 1181 2369 ὅσοι
1192 2327 1219 2368 ιο

226 2402 277 2488 δέ,
294 2399 358 2471 οάκ
383 2407 468 2488 ἔχειν
492 2401 630 2470 είκάσαι.
670 2401 834 2482 ξυντάξας
859 2391 924 2469 οάν
942 2399 1003 2489 τὴν
1020 2401 1180 2490 στρατιάν

226 2501 415 2591 προάχεόρει
432 2500 478 2582 ὥς
497 2505 531 2581 ἐς
547 2501 673 2590 μάχην·
700 2503 758 2571 καὶ
775 2500 870 2570 ἀλλοι
887 2493 931 2571 αὖ
948 2505 1018 2571 τῶν
1031 2502 1180 2590 προδρό-

225 2629 299 2690 μων
321 2603 588 2692 προσελάσαντες
613 2603 848 2692 ἀκριβέστερον
873 2594 967 2672 οὗτοι
989 2603 1180 2683 κατιδόντες

228 2710 376 2792 ἔφασκον
385 2709 499 2774 δοκεῖν
512 2702 604 2774 εἷναί
610 2724 703 2791 σφισι
716 2703 758 2773 οό
772 2712 910 2786 πλείους
923 2702 944 2795 ἢ
957 2713 1086 2793 χιλίους
1099 2705 1180 2786 τοδς

228 2807 357 2884 ίππεάς.
1191 2833 1218 2877 ιε

196 2914 216 2980 8
298 2904 495 2994 Ἀναλαβδιν
518 2895 583 2975 οὖν
605 2905 668 2994 τήν
689 2933 725 2976 τε
740 2905 913 2994 βασιλικὴν
938 2915 1014 2995 ίλην
1037 2908 1180 2975 καὶτῶν

132 3057 137 3068 ·
227 3009 369 3095 ἑταίρων
395 3014 478 3095 μίαν
506 3009 565 3077 καὶ
593 3010 662 3075 τῶν
695 3007 898 3096 προδρόμων
921 3008 1002 3087 τοδς
1028 3015 1181 3086 Παίονας

225 3107 351 3195 ἤλαυνε
364 3114 517 3197 σπουδῇ,
534 3109 596 3196 τὴν
613 3107 652 3176 δὲ
669 3106 775 3196 ἀλλην
792 3109 951 3197 στρατιάν
974 3107 1083 3196 βάδην
1104 3111 1181 3179 ἕπε-

226 3220 307 3280 σθαι
320 3211 502 3279 ἐκέλευσεν.
517 3215 554 3278 οί
565 3208 603 3278 δὲ
616 3211 686 3277 τῶν
697 3213 841 3298 Περσων
856 3210 1182 3296 ίππεῑς,κατιδόντες

224 3311 306 3391 τοδς
329 3309 408 3398 ἀμφ’
431 3309 652 3397 Ἀλέξανδρον
676 3309 779 3391 ὀξέως
802 3309 1008 3399 ἐπάγοντας,
1036 3317 1222 3399 ἐφευγονοο

191 3411 291 3482 λάνά
315 3413 446 3499 κράτος.
478 3413 535 3482 καὶ
555 3410 774 3499 Ἀλέξανδρος
792 3411 924 3480 διάκων
943 3413 1100 3481 ἐνέκειτο·
1125 3413 1182 3480 καὶ

226 3519 263 3583 οί
274 3512 335 3584 μὲν
353 3514 472 3582 πολλοὶ
486 3513 677 3601 ἀπέφυγον,
695 3511 775 3592 τούς
790 3513 831 3581 δέ
844 3539 937 3593 τινας
953 3514 1011 3582 καὶ
1029 3511 1182 3582 ἀπόκνει·
