2678 3950
490 260 674 312 ιαιεεειτ
690 263 715 324 4,
735 262 773 312 ιι.
1051 257 1112 322 175

149 439 268 497 σαντες
286 419 326 508 τῇ
351 415 414 506 μέν
437 415 532 486 πόλει
554 424 758 507 προσβαλεῖν
776 414 996 505 ἀπέγνωσαν,
1018 421 1111 484 λείαν

150 520 188 588 δέ
215 517 344 605 πολλήν
370 516 647 607 περιβαλλόμενοι
671 516 831 606 ήλαυνον.

222 612 327 688 Ἦσαν
340 618 379 688 δὲ
395 623 509 698 έντοῑς
520 619 721 706 Ζαριάσποις
733 619 825 710 νόσῳ
838 615 1112 706 ὑπολελειμμένοι
1129 639 1159 688 ε’

149 725 218 789 τῶν
247 723 389 807 ἑταίρων
424 720 553 789 ἱππέων
587 718 628 790 ού
662 720 780 788 πολλοὶ
805 719 862 788 καλ
894 719 957 800 ξύν
982 717 1112 798 τούτοις

108 847 122 889 ε
151 829 291 893 Πείθων
316 847 353 890 τε
375 819 393 890 ὁ
414 821 643 909 Σωσικλέους,
671 821 726 890 ἐπὶ
743 823 801 906 τῆς
818 823 989 907 βασιλικῆς
1006 830 1112 909 θερα·

150 928 245 1002 πείας
270 925 328 1009 τής
356 925 392 992 έν
415 921 618 1010 Ζαριάσποις
645 923 862 1009 τεταγμένος,
888 922 945 990 καὶ
959 919 1110 1011 Ἀριστό-

148 1050 241 1103 νικος
255 1021 273 1091 ό
287 1023 488 1115 κιθαρῳδός.
503 1023 560 1091 καὶ
573 1014 666 1092 οὗτοι
679 1021 875 1109 αἰσθόμενοι
883 1025 953 1090 τῶν
962 1023 1112 1092 Σκυθῶν

148 1123 210 1211 τήν
223 1123 436 1214 καταδρομήν
450 1121 529 1212 (ήδη
542 1124 607 1213 γάρ
622 1127 659 1193 ἐκ
672 1126 731 1210 τῆς
750 1123 855 1192 νόσου
869 1121 1112 1212 ἀναρρωσθέν-

149 1253 202 1306 τες
235 1223 322 1294 όπλα
353 1251 390 1294 τε
428 1231 547 1314 ἔφερον
579 1225 637 1293 καλ
668 1229 737 1292 τῶν
772 1228 886 1292 ἵππων
921 1221 1113 1312 ἐπέβαινον)

111 1355 136 1396 ιο
150 1325 397 1413 ξυναγαγόντες
422 1325 502 1406 τούς
528 1353 564 1395 τε
589 1323 820 1414 μισθοφόρους
850 1325 970 1404 ἱππέας
994 1327 1027 1404 ές
1052 1322 1112 1410 ὀγ-

149 1427 328 1515 δοήκοντα,
346 1435 382 1497 οἳ
393 1429 448 1496 έπὶ
462 1429 598 1517 φυλακή
612 1431 680 1494 τῶν
695 1426 898 1513 Ζαριάσπων
913 1419 1112 1512 ύπολελειμ-

149 1529 244 1617 μένοι
270 1521 375 1616 ἦσαν,
402 1529 459 1596 καὶ
484 1533 553 1597 τῶν
579 1533 712 1597 παίδων
727 1527 823 1606 τινάς
840 1529 909 1595 τῶν
930 1527 1113 1615 βασιλικῶν

151 1631 378 1716 ἐκβοηθοῦσιν
408 1631 463 1698 ἐπί
492 1629 574 1709 τούς
606 1630 842 1714 Μασσαγέτας.
894 1627 951 1695 καὶ
977 1630 1018 1716 τῇ
1050 1625 1146 1714 μλνΊ

152 1729 269 1819 πρῶτη
294 1732 466 1820 προσβολῇ
492 1727 595 1800 ούδέν
613 1727 847 1816 ὑποτοπήσασι
870 1743 940 1808 τοῖς
959 1727 1114 1808 Σκύθαις

112 1855 138 1898 ιε
154 1831 363 1912 ἐπιπεσόντες
376 1830 438 1918 τήν
452 1857 488 1900 τε
501 1838 596 1900 λείαν
606 1830 785 1920 ξύμπασαν
799 1829 979 1917 ἀφείλοντο
989 1828 1114 1908 αύτούς

152 1934 290 2002 καὶτῶν
309 1929 464 2019 ἀγόντων
481 1933 544 2018 τήν
562 1939 658 2001 λείαν
672 1930 735 2000 ούκ
754 1928 891 2016 όλίγους
905 1927 1112 1999 ἀπέκτειναν.

153 2033 344 2114 ἐπανιόντες
363 2032 401 2102 δέ
419 2031 516 2102 αύτοὶ
533 2030 699 2119 ἀτάκτως,
727 2030 784 2101 άτε
808 2030 949 2111 ούδενδς
972 2032 1113 2118 ἐξηγου-

151 2135 268 2222 μένου,
302 2137 555 2223 ἐνεδρευθέντες
588 2133 671 2222 πρδς
698 2133 932 2220 Σπιταμένους
963 2135 1020 2201 καὶ
1046 2133 1116 2203 τῶν

153 2238 304 2305 Σκυθῶν
322 2238 390 2304 τῶν
412 2235 474 2323 μὲν
498 2237 640 2324 ἑταίρων
663 2232 912 2322 ἀποβάλλουσιν
934 2231 1028 2320 ἑπτά,
1046 2237 1116 2302 τῶν

113 2360 139 2402 ιο
154 2335 192 2404 δὲ
215 2337 437 2426 μισθοφόρων
462 2337 590 2405 ἱππέων
617 2333 790 2421 ἑξήκοντα·
815 2336 872 2403 καὶ
894 2333 1115 2421 Ἀριστόνικος

153 2436 171 2506 ό
191 2435 382 2528 κιθαρῳδός
401 2435 506 2506 αύτού
526 2435 741 2526 ἀποθνήσκει,
760 2433 800 2504 ού
819 2431 903 2504 κατά
921 2435 1115 2526 κιθαρῳδὸν

153 2536 240 2625 ἀνήρ
267 2536 396 2624 ἀγαθὸς
421 2537 609 2625 γενόμενος.
668 2543 809 2607 Πείθων
828 2535 866 2605 δλ
885 2537 1028 2625 τρωθείς
1050 2540 1115 2618 ζῶν

154 2637 356 2725 λαμβάνεται
382 2639 465 2730 πρὸς
491 2641 561 2707 τῶν
588 2640 748 2708 Σκυθῶν.

231 2741 298 2808 Καὶ
315 2741 422 2808 ταύτα
440 2737 486 2820 ῶς
505 2739 666 2831 Κρατέρῳ
686 2738 881 2826 ἐξηγγέλθη,
906 2740 1039 2827 σπουδή
1059 2739 1114 2807 ἐπὶ
1128 2745 1162 2806 17

116 2863 141 2904 τι
154 2840 233 2919 τούς
265 2842 490 2927 Μασσαγέτας
522 2839 679 2928 ἤλαυνεν.
732 2845 768 2909 οἱ
798 2838 836 2910 δέ
869 2836 913 2920 ῶς
947 2839 1116 2908 ἐπύθοντο

154 2947 296 3028 πλησίον
315 2941 544 3011 ἐπελαύνοντά
561 2963 653 3030 σφισι
671 2938 866 3030 Κράτερον,
888 2946 1032 3028 ἔφευγον
1050 2936 1116 3008 ἀνά

154 3041 275 3130 κράτος
293 3041 339 3122 ῶς
365 3045 397 3123 ές
423 3041 485 3130 τήν
504 3041 637 3132 ἐρήμην.
682 3043 738 3111 καί
764 3043 934 3131 Κράτερος
961 3039 1116 3129 ἐχόμενος

155 3142 270 3212 αύτῶν
288 3142 405 3224 αύτοὶς
429 3171 464 3212 τε
490 3147 628 3223 ἐκείνοις
651 3149 838 3231 περιπίπτει
860 3139 901 3210 ού
921 3141 1036 3230 πόρρω
1058 3146 1116 3228 τῆς

158 3243 282 3332 έρήμου
309 3247 367 3314 καί
384 3244 496 3324 ἀλλοις
515 3247 653 3313 ἱππεῦσι
670 3245 906 3330 Μασσαγετῶν
928 3237 1018 3331 ὑπὲρ
1035 3241 1116 3322 τούς

118 3365 144 3408 ιο
157 3352 294 3432 χιλίους.
333 3348 390 3414 καί
416 3342 504 3434 μάχη
530 3352 657 3432 γίνεται
681 3349 751 3414 τῶν
769 3371 805 3413 τε
828 3343 1042 3414 Μακεδόνων
1058 3346 1150 3412 καλε

155 3452 224 3514 τῶν
252 3450 405 3517 Σκυθῶν
430 3445 589 3535 καρτερά·
616 3448 674 3514 καί
701 3447 822 3514 ἐνίκων
848 3449 884 3513 οἱ
908 3441 1114 3522 Μακεδόνες.

155 3551 224 3616 τῶν
250 3547 288 3617 δέ
316 3553 469 3618 Σκυθῶν
495 3543 670 3615 ἀπέθανον
703 3545 765 3634 μὲν
793 3545 911 3617 έκατδν
942 3545 1000 3612 καί
1034 3567 1115 3612 πεν-
