2650 3948
472 252 659 306 Δειευιειε
677 254 755 316 1,12.
772 255 812 308 ιο.
1067 253 1110 320 25

146 403 219 472 τοῖς
232 389 461 479 μισθοφόροις.
487 392 744 480 βουλευομένοις
756 391 795 461 δὲ
808 389 923 473 αὐτοῖς
936 386 1027 484 όπέρ
1039 398 1109 466 τεόν
1136 422 1152 470 ο

148 491 346 580 παρόντων,
375 490 487 580 ἐπειδὴ
512 490 728 584 Ἀλέξανδρος
754 492 960 582 διαβεβηκός
984 492 1109 583 ἠγγέλ-

148 601 242 681 λετο,
270 595 421 682 Μέμνων
444 591 604 675 όῬόδιος
628 594 770 684 παρῄνει
794 594 839 682 μη
868 594 924 664 διά
942 599 1108 668 κινδύνου

150 695 236 764 ἰέναι
254 693 339 786 πρός
361 694 439 777 τούς
464 696 685 782 Μακεδόνας,
708 701 756 786 τῷ
772 723 808 764 τε
825 701 910 788 πεζῷ
935 696 1022 767 πολά
1047 724 1109 768 πε·

122 795 282 885 ιριόντας
320 801 417 885 σφων
450 797 507 865 καλ
544 791 651 866 αάτοό
678 793 900 883 Ἀλεξάνδρου
931 799 1108 888 παρόντος,

149 893 267 978 αὐτοῖς
290 897 328 966 δὲ
351 892 497 978 άπόντος
520 905 689 986 Δαρείου·
725 897 906 986 προϊόντας
932 899 971 970 δέ
993 899 1110 971 τόντε

149 998 244 1088 χιλόν
261 996 432 1087 ἀφανίζειν
455 1005 727 1079 καταπατοῦντας
744 1005 786 1090 τῇ
804 1004 896 1093 ἵππῳ
914 1001 971 1070 καλ
994 1000 1055 1071 τόν
1073 1004 1110 1070 έν

149 1105 192 1190 τῇ
209 1105 254 1190 γῇ
272 1098 404 1190 καρπόν
423 1099 635 1190 ἐμπιπράναι,
657 1100 741 1189 μηδὲ
758 1107 826 1170 τοῖν
845 1100 977 1171 πόλεων
995 1099 1110 1172 αάτῶν

150 1203 379 1290 φειδομένους.
405 1199 447 1272 οά
460 1201 526 1293 γάρ
540 1216 655 1292 μενεῖν
670 1203 706 1270 έν
723 1207 766 1292 τῇ
779 1201 872 1292 χώρᾳ
885 1199 1109 1292 Ἀλέξανδρον

112 1330 138 1372 ιο
150 1299 277 1394 άπορίηι
294 1307 363 1372 τάν
381 1305 584 1391 ἐπιτηδείων.
616 1300 772 1393 Ἀρσίτην
798 1303 837 1372 δέ
854 1305 983 1390 λέγεται
1001 1311 1109 1376 εἰπεῖν
1126 1327 1157 1380 ιο

151 1406 189 1474 έν
204 1410 251 1496 τῷ
265 1403 420 1498 συλλόγῳ
433 1407 502 1474 τοῖν
514 1409 658 1494 Περσων
672 1403 723 1474 ὅτι
740 1400 803 1474 οάιι
816 1401 860 1474 άν
873 1411 1016 1494 περιίδοι
1028 1413 1110 1495 μίαν

150 1511 262 1576 οἰκίαν
287 1509 540 1596 ἐμπρησθεῖσαν
561 1511 630 1574 τεόν
653 1503 722 1574 δπδ
753 1501 787 1576 ολ
808 1508 1018 1595 τεταγμένων
1045 1505 1109 1577 άν-

150 1606 316 1698 θράπων·
340 1608 397 1676 καὶ
414 1606 492 1687 τοδς
510 1609 644 1697 Πέρσας
658 1604 794 1698 Ἀρσίτη
813 1610 1041 1697 προσθέσθαι,
1059 1607 1110 1678 ότι

151 1709 209 1777 καλ
225 1707 377 1778 ὕποπτόν
394 1736 425 1777 τι
442 1703 559 1790 αάτοῖς
578 1701 622 1796 ἦν
646 1710 679 1788 ές
703 1707 764 1779 τόν
782 1709 966 1798 Μέμνονα,
992 1710 1109 1800 τριβάς

114 1835 139 1878 ιε
152 1812 302 1898 ἐμποιεῖν
326 1808 444 1880 ἐκόντα
470 1815 519 1903 τῷ
546 1810 679 1903 πολέμῳ
697 1815 756 1898 τῆς
775 1812 812 1880 ἐκ
829 1810 991 1898 βασιλέως
1014 1818 1110 1900 τιμῆς

152 1913 259 1980 ἕνεκα.

224 2011 280 2084 Ἐν
304 2012 413 2106 τοάτῳ
438 2011 478 2082 δέ
503 2010 719 2102 Ἀλέξανδρος
748 2007 938 2102 προάχοόρει
969 2013 1025 2081 έπλ
1049 2012 1110 2082 τόν
1122 2019 1160 2085 13

152 2111 322 2202 Γρανικδν
334 2111 485 2202 ποταμόν
499 2115 752 2207 συντεταγμένῳ
765 2118 813 2206 τῷ
828 2119 970 2205 στρατῷ,
990 2118 1111 2201 διπλῆν

152 2215 215 2303 μὲν
226 2213 289 2303 τὴν
302 2214 459 2304 φάλαγγα
476 2221 544 2284 τῶν
557 2213 702 2284 ὁπλιτων
715 2215 827 2302 τάξας,
845 2213 925 2295 τούς
938 2213 976 2284 δέ
991 2216 1111 2295 ίππέας

114 2343 140 2384 εο
152 2314 237 2386 κατά
254 2315 294 2384 τά
307 2318 429 2404 κέρατα
442 2314 547 2403 άγων,
565 2316 606 2385 τά
621 2314 812 2404 σκευοφόρα
826 2315 864 2384 δὲ
877 2313 1018 2385 κατόπιν
1036 2318 1106 2384 έπι-

151 2417 251 2500 τάξας
270 2420 425 2486 ἕπεσθαι·
443 2415 522 2498 τοδς
542 2417 579 2486 δέ
596 2418 973 2505 προκατασκεψομένους
985 2414 1025 2486 τά
1041 2422 1111 2486 τῶν

152 2525 320 2606 πολεμίων
345 2509 429 2604 ἦγεν
454 2515 547 2610 αὐτῷ
566 2513 759 2606 Ἡγέλοχος,
788 2517 909 2597 ίππέας
935 2515 998 2605 μέν
1025 2522 1111 2606 έχων

150 2617 231 2700 τοάς
248 2617 529 2708 σαρισσοφόρους,
546 2625 614 2688 τῶν
632 2619 670 2688 δὲ
688 2624 795 2701 ψιλῶν
813 2620 846 2698 ές
859 2625 1109 2699 πεντακοσίους.

152 2721 210 2790 καὶ
225 2716 439 2809 Ἀλέξανδρός
456 2745 492 2788 τε
504 2717 545 2789 οὐ
564 2719 651 2790 πελά
670 2718 786 2808 άπεῑχε
802 2723 863 2789 τοῦ
882 2725 1033 2807 ποταμοῦ
1049 2725 1111 2789 τοῦ
1144 2731 1162 2780 ‘1

111 2849 139 2892 ει
152 2827 321 2910 Γρανικοῦ
339 2822 448 2890 καλοί
471 2818 537 2890 άπδ
555 2827 623 2890 τοῖν
640 2827 777 2890 σκοπῶν
794 2825 928 2910 σπουδῇ
947 2819 1111 2890 ἐλαάνον·

150 2950 205 3004 τες
223 2920 414 3010 άπηγγελον
439 2923 495 2992 ἐπὶ
517 2928 563 3015 τῷ
581 2927 735 3015 Γρανικῷ
758 2924 863 3010 πέραν
879 2919 959 3002 τοδς
977 2923 1111 3012 Πέρσας

152 3023 332 3111 ἐφεστάναι
349 3025 570 3113 τεταγμένους
589 3020 634 3104 οἱς
653 3025 687 3106 ές
704 3022 824 3113 μάχην.
855 3028 940 3093 ἔνθα
958 3022 999 3111 δὴ
1015 3021 1111 3094 Ἀλέ·

151 3127 294 3215 ξανδρος
322 3124 385 3213 μέν
407 3123 469 3212 τὴν
501 3123 658 3214 στρατιάν
691 3129 804 3194 πάσαν
835 3123 1034 3194 συνέταττεν
1066 3123 1112 3206 ὡς

150 3226 401 3316 μαχουμένους·
426 3232 630 3315 Παρμενίων
644 3225 683 3295 δέ
700 3224 900 3316 προσελθων
914 3225 1003 3313 λέγει
1017 3223 1111 3297 Ἀλε-

114 3353 140 3395 ιο
152 3328 285 3421 ξάνδρῳ
302 3325 392 3395 τάδε.

226 3425 317 3516 Ἐμοὶ
330 3432 435 3515 δοκεῖ,
452 3432 601 3515 βασιλεῦ,
616 3423 747 3514 άγαθδν
761 3425 847 3496 εἶναι
861 3430 898 3497 έν
910 3433 957 3521 τῷ
971 3426 1111 3516 παρόντι
1144 3439 1161 3490 8

152 3531 519 3616 καταστρατοπεδεῦσαι
543 3529 598 3598 ἐπὶ
623 3534 685 3598 τοῦ
711 3533 863 3618 ποταμοῦ
883 3533 927 3618 τῇ
951 3524 1038 3618 ὄχθη
1063 3519 1110 3606 ιδς
