2664 3946
472 271 656 322 ΑαΑΒΑΣιΣ
674 276 701 330 ε,
721 275 763 322 ιι.
1034 269 1097 336 139

136 407 350 494 Βαρσαέντης
364 408 418 494 δέ,
441 409 479 486 ὃς
499 410 574 477 τότε
593 420 724 494 κατεῖχε
738 409 801 496 τῆν
823 412 953 496 χώραν,
978 403 1025 486 εἷς
1047 411 1098 478 ών

4 553 10 578 ι
137 515 204 576 τών
226 509 498 594 ξυνεπιθεμένων
520 514 654 596 Δαρείῳ
672 512 710 577 ἐν
724 517 765 598 τῆ
781 517 889 600 φυγῆ,
911 515 1097 596 προσιόντα

133 611 352 693 Ἀλέξανδρον
378 607 499 694 μαθών
530 609 564 688 ἐς
587 609 713 689 Ἰνδούς
741 607 819 690 τούς
846 615 901 680 ἐπὶ
928 614 1008 680 τάδε
1036 619 1097 682 τοῦ

132 713 242 780 Ἰνδοῦ
269 718 421 799 ποταμοῦ
449 717 563 797 ἔφυγε,
610 714 833 797 ξυλλαβόντες
862 715 899 780 δέ
934 713 1038 781 αὐτόν
1065 716 1101 780 οέ

110 812 231 882 εἸνδολ
245 811 326 899 παρ’
340 812 559 899 Ἀλέξανδρον
574 811 789 881 ἀπέστειλαν·
814 813 871 881 καὶ
885 813 1097 900 ἀποθνήσκει

136 913 219 998 πρὸς
237 914 459 997 Ἀλεξάνδρου
480 917 539 1000 τῆς
561 916 596 992 ἐς
616 921 766 1000 Δαρεῖον
788 915 921 995 ἀδικίας
942 916 1051 982 ἕνεκα.

216 1015 382 1082 Ἐνταῦθα
399 1018 455 1081 καλ
476 1014 538 1100 τῆν
554 1017 689 1082 Φιλώτα
712 1017 898 1102 ἐπιβουλῆν
918 1022 982 1084 τοῦ
996 1024 1147 1103 Dap-26

135 1121 299 1202 μενέωνος
319 1121 446 1202 ἔμαθεν
465 1116 690 1202 Ἀλέξανδρος,
713 1118 771 1183 καλ
785 1119 875 1201 λέγει
889 1124 1098 1205 Πτολεμαῖος

136 1222 192 1285 καὶ
216 1217 472 1304 Ἀριστόβουλος
501 1218 552 1285 ὄτι
579 1220 856 1304 προηγγελμένην
888 1218 953 1305 ῆδη
981 1221 1017 1286 οἱ
1040 1221 1097 1287 καλ

98 1351 123 1390 ιο
136 1320 303 1405 πρότερον
327 1322 366 1386 ἐν
387 1321 567 1404 Αἰγύπτῳ,
589 1319 632 1387 οδ
654 1323 768 1406 μέντοι
790 1322 890 1406 πιστή
918 1344 958 1406 γε
986 1322 1096 1408 ἐφάνη

134 1427 194 1508 τῆς
221 1445 257 1488 τε
285 1425 399 1507 φιλίας
427 1426 486 1504 τῆς
508 1421 612 1487 πάλαι
635 1423 747 1488 εἵνεκα
775 1423 911 1506 καὶτῆς
933 1423 968 1498 ἐξ
991 1422 1096 1490 αὐτοῦ

136 1526 172 1600 ές
197 1523 425 1608 Παρμενίωνά
451 1547 488 1588 τε
514 1521 574 1590 τὸν
600 1522 728 1605 πατέρα
755 1521 816 1590 τόν
839 1524 975 1590 Φιλώτα
1001 1530 1097 1610 τιμῆς

136 1626 192 1690 καλ
221 1625 256 1701 ἐς
277 1621 382 1689 αὐτόν
405 1624 562 1690 Φιλώταν
588 1627 742 1700 πίστεως.
785 1629 995 1711 Πτολεμαῖος
1017 1625 1054 1691 δὲ
1076 1623 1129 1700 δε

135 1725 252 1808 Λάγου
280 1725 369 1807 λέγει
399 1727 598 1810 εἰσαχθῆναι
629 1727 664 1801 ἐς
689 1727 893 1803 Μακεδόνας
921 1727 1094 1794 Φιλώταν·
1206 1756 1208 1761 ·

97 1855 123 1896 15
136 1827 192 1892 καλ
220 1831 446 1911 κατηγορῆσαι
473 1827 536 1912 μὲν
563 1823 669 1892 αὐτοῦ
696 1829 842 1911 ἐσχνρώς
866 1826 1095 1914 Ἀλέξανδρον,

135 1925 414 2012 άπολογῆσασθαι
436 1929 474 1995 δὲ
501 1926 607 1995 αὐτόν
623 1929 807 1995 Φιλώταν·
842 1932 898 1995 καὶ
919 1929 1000 2009 τούς
1022 1933 1096 1996 ἐπι·

134 2026 284 2115 μηνυτὰς
304 2033 366 2096 τοῦ
387 2033 489 2114 ἔργον
504 2031 738 2116 παρελθόντας
758 2031 923 2114 ἐξελέγξαι
939 2033 1096 2098 Φιλώταν

4 2157 6 2182 ι
134 2153 171 2195 τε
203 2129 260 2195 καὶ
293 2123 372 2208 τούς
403 2129 489 2215 ἀμφ’
518 2126 622 2196 αὐτὸν
649 2129 764 2208 ἄλλοις
793 2155 830 2196 τε
858 2133 1005 2218 ἐλέγχοις
1031 2132 1095 2220 οὐκ

135 2229 280 2314 άφανέσι
303 2230 357 2296 καὶ
380 2233 523 2314 μάλιστα
549 2230 589 2315 δῆ
614 2229 665 2298 ὅτι
688 2229 788 2309 αὐτὸς
810 2235 963 2312 Φιλώτας
987 2235 1095 2301 πεπό-

97 2339 217 2400 ασθαι
239 2333 301 2418 μὲν
324 2333 510 2417 ἐπιβουλήν
530 2357 606 2398 τινα
618 2332 823 2421 Ἀλεξάνδρῳ
846 2342 1059 2420 παρασκευαζ
1078 2376 1096 2388 -

134 2435 239 2519 μένην
261 2433 409 2519 συνέφη,
434 2434 625 2520 ἐξηλέγχετο
640 2437 677 2500 δὲ
693 2438 950 2523 κατασιωπήσας
969 2439 1096 2522 ταύτην

134 2533 218 2618 πρὸς
230 2534 465 2620 Ἀλέξανδρον,
481 2539 590 2602 καίτοι
606 2538 657 2613 δλς
672 2537 728 2602 έπλ
742 2537 804 2622 τῆν
819 2537 949 2623 σκηνῆν
972 2538 1094 2624 ὁσημέ-

136 2660 192 2718 ραι
206 2635 268 2718 τῆν
280 2633 502 2721 Ἀλεξάνδρου
514 2642 653 2721 φοιτῶν.
677 2639 733 2702 καλ
748 2639 904 2705 Φιλώταν
916 2641 978 2725 μὲν
989 2665 1094 2707 κατα·
1111 2664 1129 2712 ο

134 2741 358 2822 κοντισθῆναι
381 2735 465 2822 πρὸς
486 2743 556 2803 τών
578 2740 793 2805 Μακεδόνων
814 2742 870 2805 καλ
894 2739 970 2807 ὅσοι
995 2740 1095 2808 Ιἄλλοι

96 2866 122 2906 ιε
134 2839 294 2921 μετέσχον
314 2837 404 2924 αὐτῷ
425 2844 485 2922 τῆς
508 2841 704 2924 ἐπιβουλῆς·
731 2841 788 2906 ἐπλ
807 2845 1035 2926 Παρμενίωνα
1057 2845 1095 2910 δέ

135 2942 297 3024 σταλῆναι
325 2941 594 3025 Πολυδάμαντα,
623 2941 683 3006 ἕνα
709 2946 779 3006 τών
801 2943 959 3027 ἑταίρων,
986 2946 1094 3030 γράμ-

134 3063 221 3123 ματα
243 3043 390 3124 φέροντα
405 3041 486 3126 παρ’
508 3041 729 3124 Ἀλεξάνδρου
751 3041 836 3126 πρὸς
855 3043 937 3122 τοδς
955 3062 1093 3132 στρατη-

4 3191 5 3195 ,
133 3138 215 3223 γοδς
235 3141 315 3220 τούς
338 3145 376 3210 έν
398 3145 531 3230 Μηδία,
560 3145 759 3227 Κλέανδρόν
785 3169 822 3210 τε
844 3145 900 3210 καλ
923 3148 1095 3232 Σιτάλκην

134 3243 191 3307 καὶ
213 3247 387 3311 Μενίδαν·
416 3237 511 3311 οὗτοι
532 3244 597 3329 γὰρ
622 3246 678 3312 ἐπὶ
700 3251 758 3329 τῆς
774 3251 933 3332 στρατιᾶς
946 3238 986 3332 ῆς
1000 3254 1092 3334 Παρ-

96 3347 260 3428 ιομενίων
287 3333 368 3429 ἦρχε
396 3347 589 3431 τεταγμένοι
619 3339 723 3431 ἦσαν·
759 3349 816 3412 καλ
842 3345 927 3433 πρός
963 3349 1126 3417 τούτων4

135 3442 321 3511 ἀποθανεῖν
342 3449 587 3532 Παρμενίωνα,
614 3445 717 3531 τυχόυ
744 3447 807 3532 μέν
834 3446 887 3514 ότι
908 3446 951 3516 οὐ
972 3449 1091 3516 πιστδν

135 3545 246 3610 ἐδόκει
262 3541 348 3612 εἶναι
367 3543 581 3633 Ἀλέξανδρος
597 3549 732 3614 Φιλώτα
752 3551 1032 3634 ἐπιβουλεύοντος
1046 3549 1090 3636 μῆ
