2678 3950
215 213 279 278 218
572 209 821 274 ΔΛΕΞΔΝΔΡΟΤ

216 371 255 442 δέ
280 372 412 452 τούτοις
438 371 477 440 τδ
504 369 615 461 άγημα
640 373 678 441 τὸ
705 371 894 460 βασιλικόν·
940 371 1121 459 ἐχομένους
1140 369 1178 440 δλ

144 547 146 552 ,
216 472 347 542 τούτων
379 473 460 554 τούς
487 471 610 554 άλλονς
636 473 867 560 ύπασπιστάς,
895 470 939 552 ιδς
967 473 1115 552 ἑκάστοις
1142 475 1180 540 αλ

215 573 391 662 ἡγεμονίαι
408 575 444 642 ἐν
461 580 509 666 τῷ
526 575 601 644 τότε
618 575 830 660 ξυνέβαινον·
874 573 958 641 κατά
977 572 1015 642 δὲ
1031 573 1072 641 τά
1091 571 1177 662 άκρα

215 677 274 762 τής
301 675 474 763 φάλαγγος
500 681 536 744 οί
549 675 680 756 τοξόται
696 672 790 766 αύτῷ
808 675 866 743 καὶ
885 678 920 742 οί
931 672 1103 762 Ἀγριᾶνες
1121 674 1177 744 καὶ

107 802 114 810 ’
218 781 254 844 οἰ
277 774 466 845 άκοντισταὶ
494 777 702 866 ἑκατέρωθεν
730 778 925 863 ἐπέστησαν.
1192 805 1205 846 ε

168 865 208 930 14
297 875 414 956 Οὕτως
433 878 569 958 ἐκτάξας
586 878 648 946 τδν
664 876 727 964 μὲν
744 877 841 960 πεζὸν
854 875 999 964 στρατὸν
1013 877 1050 944 ἐν
1064 875 1178 969 κόσμφ

216 976 326 1065 βάδην
359 981 497 1048 ἕπεσθαι
539 979 732 1066 ἐκέλευσεν,
772 975 813 1046 ού
849 976 936 1046 πολύ
972 975 1178 1057 άποδέοντας

216 1083 285 1147 τῶν
310 1080 551 1167 ἑξακισχιλίων·
584 1078 687 1158 αύτδς
705 1079 756 1166 δέ,
780 1076 831 1147 ὅτι
846 1091 983 1168 κρατεῖν
1007 1078 1114 1148 ἐδόκει
1135 1081 1176 1168 τή

217 1184 323 1271 ἵππῳ,
341 1179 421 1260 τούς
437 1182 558 1260 ίππέας
570 1181 698 1268 μόνους
711 1179 892 1267 άναλαβάν
905 1181 1039 1268 σπονδή
1053 1179 1178 1267 ήγείτο,

216 1279 316 1361 ὄντας
341 1284 374 1361 ἐς
397 1291 694 1368 πεντακισχιλίους.
733 1281 889 1369 Ταύρωνι
906 1279 944 1350 δέ
962 1283 1009 1372 τῷ
1032 1281 1176 1371 τοξάρχή
1192 1313 1218 1354 ιο

218 1383 398 1467 προσέταξε
434 1383 515 1462 τούς
552 1382 687 1464 τοξότας
735 1382 870 1468 ἐπάγειν
908 1383 949 1469 τῇ
992 1386 1084 1474 λππφ
1122 1383 1178 1451 καὶ

184 1481 346 1563 θαύτοῦς
373 1486 516 1572 σπονδή.
557 1483 696 1571 γνύμην
723 1483 762 1552 δὲ
789 1487 976 1570 ἐπεποίητο,
1005 1482 1050 1562 άς
1068 1489 1101 1552 εί
1115 1482 1178 1571 μὲν

218 1587 434 1674 προσμίξειαν
467 1583 562 1674 αύτῷ
592 1589 629 1653 οἱ
665 1583 752 1672 ἀμφὶ
784 1583 846 1652 τόν
879 1589 1003 1672 Πάρον
1039 1584 1103 1666 ξύν
1135 1589 1178 1673 τή

218 1686 362 1772 δυνάμει
394 1684 523 1774 άπάση,
548 1681 570 1772 ή
595 1684 772 1774 κρατήσειν
804 1682 919 1754 αύτῶν
952 1683 993 1753 ού
1025 1688 1179 1771 χαλεποῖς

217 1790 259 1875 τῇ
301 1791 393 1877 ἵππῳ
432 1786 633 1874 προσβαλῶν
676 1782 698 1872 ή
739 1785 992 1874 ἀπομαχεῖσθαί
1027 1813 1066 1872 γε
1106 1793 1217 1860 ἔστειε

216 1886 298 1965 τούς
325 1887 442 1969 πεζούς
470 1890 507 1956 ἐν
523 1890 570 1979 τῷ
600 1893 686 1978 ἐργφ
714 1889 941 1973 ἐπιγενέσθαι·
975 1891 1008 1955 εί
1032 1886 1069 1956 δὲ
1095 1887 1179 1977 πρὸς

217 1985 280 2074 τήν
311 1988 439 2075 τόλμαν
471 1991 529 2075 τής
564 1990 749 2077 διαβάσεως
775 1987 902 2058 άτοπον
934 1994 1119 2078 γενομένην
1145 1995 1182 2059 οἰ

215 2089 316 2160 Ἰνδοὶ
344 2091 563 2176 ἐκπλαγέντες
590 2091 761 2178 φεύγοιεν,
788 2086 830 2158 ον’
850 2089 1029 2178 πόρρωθεν
1048 2093 1180 2171 ἕξεσθαι

218 2188 334 2260 αὐτόν
359 2189 443 2258 κατά
477 2187 539 2276 τήν
566 2191 693 2278 φυγήν,
722 2189 767 2270 οδς
793 2197 933 2260 πλείονα
960 2195 996 2260 έν
1022 2195 1063 2280 τή
1086 2189 1178 2260 άπο-

216 2291 361 2378 χωρήσει
381 2293 442 2359 τὸν
464 2291 573 2378 φόνον
596 2291 780 2380 γενόμενον
798 2288 917 2379 ὀλίγον
933 2292 1178 2362 ὑπολείπεσθαι

218 2391 310 2484 αὐτῷ
336 2390 373 2460 τό
403 2398 513 2479 ἔργον.
1190 2427 1217 2468 20

186 2504 202 2552 3
293 2492 547 2582 Ἀριστόβουλος
561 2492 600 2562 δὲ
613 2495 701 2580 λέγει
714 2495 774 2564 τὸν
788 2493 914 2582 Πάρου
928 2497 1034 2563 παῖδα
1047 2494 1178 2580 φθάσαι

217 2593 427 2683 ἀφικόμενον
444 2596 508 2674 ξύν
526 2594 672 2683 ἅρμασιν
690 2593 735 2674 οἱς
755 2595 912 2681 ἑξήκοντα
930 2597 1012 2684 πρὶν
1024 2595 1062 2662 τὸ
1076 2594 1178 2664 ὕστε-

218 2723 279 2785 ρον
293 2698 330 2765 ἐκ
352 2699 409 2782 τής
422 2696 527 2782 νήσου
544 2700 602 2783 τῆς
620 2699 778 2785 μακράς
792 2701 935 2785 περᾶσαι
943 2695 1177 2783 Ἀλέξανδρον·

217 2797 275 2864 καὶ
308 2803 431 2864 τοῦτον
465 2800 656 2884 δυνηθῆναι
681 2793 724 2864 άν
750 2795 854 2885 εἶρξαι
875 2796 1095 2884 Ἀλέξανδρον
1120 2799 1218 2884 τήςιτ

219 2897 417 2985 διαβάσεως,
435 2901 587 2983 χαλεπῶς
605 2899 662 2965 καὶ
680 2898 825 2984 μηδενός
842 2907 1013 2988 εἴργοντος
1031 2922 1178 2986 περαιω-

218 2999 336 3084 θέντα,
364 3008 458 3086 είπερ
486 2989 550 3066 οὖν
575 2998 871 3086 καταπηδήσαντες
889 3005 925 3069 ολ
935 2997 1037 3068 Ἰνδοὶ
1056 3001 1179 3069 ἐκτῶν

217 3097 376 3187 άρμάταν
403 3100 616 3187 προσέκειντο
641 3115 713 3179 τοῖς
740 3099 882 3189 πράτοις
907 3103 977 3168 τόν
1002 3101 1178 3186 ἐκβαινόν-

216 3217 300 3268 των·
351 3198 437 3270 άλλδι
464 3199 670 3290 παραλλάξαι
694 3199 759 3289 γάρ
786 3199 850 3282 ξύν
875 3217 946 3280 τοῖς
972 3199 1096 3288 ἅρμασι
1120 3203 1178 3272 καὶ

217 3302 404 3372 ἀκίνδυνον
431 3305 565 3388 ποιήσαι
587 3300 797 3394 Ἀλεξάνδρῳ
822 3301 885 3390 τήν
905 3303 1075 3391 διάβασιν·
1120 3305 1177 3374 καὶ
1192 3331 1218 3374 ιο

219 3404 276 3470 ἐπὶ
294 3403 438 3482 τούτους
456 3399 594 3490 άφεῑναι
607 3400 828 3491 Ἀλέξανδρον
845 3402 926 3484 τούς
946 3403 1178 3493 ἱπποτοξότας,

215 3504 274 3572 καὶ
299 3507 465 3593 τραπήναι
490 3501 617 3585 αύτούς
635 3503 676 3572 ού
703 3505 870 3591 χαλεπάς,
897 3505 1027 3590 πληγὰς
1045 3505 1179 3594 λαμβά-
