2590 3948
448 243 635 296 mmm
652 247 682 310 ο,
702 245 743 300 εο.
1015 245 1078 309 281

112 396 290 470 ἀπαύστου
309 402 414 470 ποτοῦ
429 398 643 488 ἀπώλλυντο,
660 401 718 469 καλ
732 400 862 470 τοότιιυ
877 405 973 471 ἓνεκα
982 401 1078 472 Ἀλέ-

114 503 256 591 ξανδρος
288 499 348 594 τάς
381 506 639 589 στρατοπεδείας
665 496 706 570 οό
735 501 820 590 πρὸς
854 517 925 582 τοῖς
958 501 1080 573 ὕδασιν

115 599 232 683 αὐτοῖς
257 599 296 671 ιδ
324 601 413 672 πολά
435 605 592 689 ἐποιεῖτο,
618 600 705 671 ἀλλά
724 600 858 690 ἀπέχων
876 601 958 673 ὅσον
975 614 1080 674 είκοσι

115 709 273 785 σταδίους
298 703 453 793 μάλιστα,
480 699 524 783 ὥς
550 702 596 791 μὴ
621 699 771 792 ἀθρόους
790 705 1013 792 ἐμπίπτοντας
1031 709 1079 797 τῷ

89 801 212 875 εόδατι
237 801 364 885 αάτοός
389 831 427 875 τε
451 805 510 874 καὶ
526 803 567 872 τά
586 804 689 891 κτήνη
706 802 920 874 ἀπόλλυσθαι
937 807 993 874 καλ
1011 803 1079 897 ἅμα

113 905 195 986 τοός
209 905 351 994 μάλιστα
369 904 558 993 ἀκράτορας
576 907 673 993 σφῶν
691 900 956 994 ἐπεμβαίνοντας
974 908 1007 986 ές
1020 906 1080 987 τάς

112 1005 224 1094 πηγάς
237 1003 259 1095 ἢ
272 1003 314 1077 τά
329 1007 480 1097 βεόματα
493 1010 706 1096 διαφθείρειν
719 1007 776 1075 καλ
785 1011 827 1097 τῇ
843 1006 929 1096 άλλη
942 1012 1079 1098 στρατιᾷ

113 1107 152 1177 τό
179 1106 283 1194 ὕδωρ.

181 1207 291 1280 Ἔνθα
318 1207 360 1296 δὴ
387 1215 487 1297 ἔργον
512 1205 618 1276 καλὸν
644 1217 736 1297 είπερ
753 1234 785 1276 τι
801 1205 882 1278 ἀλλο
899 1215 968 1278 τῶν
983 1203 1074 1280 Ἀλε-
1088 1209 1130 1275 26

77 1338 101 1378 10
116 1307 263 1398 ξάνδρου
282 1307 346 1380 οόκ
366 1310 460 1391 ἔδοξέ
473 1335 529 1398 μοι
545 1307 722 1398 ἀφανίσαι,
738 1305 760 1396 ἢ
779 1311 817 1378 έν
832 1314 914 1399 τῇδε
926 1313 967 1399 τῇ
985 1311 1080 1402 χάρη

115 1410 269 1500 πραχθὲν
292 1407 315 1497 οἳ
335 1416 383 1480 ἔτι
409 1416 600 1501 ἔμπροσθεν
628 1413 665 1482 έν
690 1410 1004 1498 Παραπαμισάδαις,
1032 1411 1079 1492 ἀς

115 1513 318 1600 μετεξέτεροι
335 1510 544 1598 ἀνέγραψαν.
584 1512 671 1582 ίέναι
688 1511 751 1601 μὲν
768 1509 831 1597 τὴν
849 1512 1006 1599 στρατιάν
1023 1514 1078 1582 διά

114 1611 256 1701 ψάμμου
273 1639 309 1682 τε
326 1614 462 1682 καὶτοῦ
480 1611 651 1700 καόματος
669 1611 732 1700 ἤδη
750 1613 1000 1701 ἐπιφλέγοντος,
1026 1610 1111 1682 ὅτιε

114 1713 199 1801 πρὸς
224 1711 320 1800 ὕδωρ
348 1715 449 1802 ἐχρῆν
467 1712 641 1793 έξανόσαιῗ
674 1712 712 1782 τδ
732 1713 771 1782 δὲ
787 1706 831 1801 ἦν
854 1711 994 1803 πρόσω
1019 1717 1077 1802 της

77 1842 101 1882 τε
115 1814 215 1885 όδαῡ·
248 1815 306 1884 καί
332 1814 438 1884 αὐτόν
462 1841 499 1884 τε
512 1813 732 1901 Ἀλέξανδρον
749 1819 841 1895 δίψει
856 1813 1078 1903 κατεχόμενον

113 1917 208 2004 μόλις
221 1915 283 2004 μὲν
292 1916 348 1984 καί
362 1920 527 2003 χαλεποῖς,
541 1914 637 1998 πεζὸν
647 1914 685 1984 δὲ
694 1913 784 2002 ὅμως
796 1912 962 2004 ἡγεῖσθαι,
978 1915 1078 1986 ὥστε

113 2018 173 2087 καλ
198 2017 280 2098 τούς
307 2015 432 2097 ἀλλους
460 2016 678 2106 στρατιώτας,
705 2011 823 2104 οἷάπερ
849 2025 943 2104 φιλεῖ
967 2019 1005 2087 έν
1029 2023 1078 2109 τῷ

113 2123 245 2211 τοιῷδε,
271 2119 487 2208 κουφοτέρως
513 2119 629 2207 φέρειν
652 2115 734 2197 τοός
752 2116 879 2197 πόνους
898 2120 934 2186 έν
953 2116 1079 2205 ἰσότητι

112 2224 172 2308 τῆς
197 2220 487 2309 ταλαιπωρήσεως.
529 2221 566 2288 έν
592 2216 631 2288 δὲ
646 2218 757 2310 τοάτςο
773 2221 844 2287 τῶν
862 2220 969 2300 ψιλόν
985 2245 1078 2298 τινας

73 2347 99 2389 ιο
112 2318 198 2390 κατά
212 2321 343 2408 ζήτησιν
356 2319 481 2400 ὕδατος
499 2317 754 2407 ἀποτραπέντας
771 2315 839 2387 ἀπό
851 2323 908 2405 τῆς
922 2323 1078 2403 στρατιᾶς

112 2418 229 2510 εάρείν
261 2422 358 2510 ὺδωρ
391 2421 655 2507 συλλελεγμένον
691 2425 729 2488 έν
762 2445 827 2487 τινι
857 2418 1008 2509 χαράδρᾳ
1034 2417 1075 2489 οὐ

112 2528 248 2623 βαθείᾳ,
274 2520 394 2610 ὀλίγην
419 2521 477 2590 καλ
503 2519 638 2609 φαόλην
664 2524 807 2589 πίδακα·
847 2523 972 2588 τοῦτο
999 2511 1078 2589 οάν

112 2625 263 2712 χαλεπῶς
278 2623 503 2704 συλλέξαντας
517 2625 648 2708 σπουδῇ
666 2623 750 2691 ἰέναι
765 2618 838 2708 παρ’
846 2619 1078 2709 Ἀλέξανδρον,

113 2722 159 2805 ἀς
185 2722 270 2810 μέγα
297 2723 342 2810 δή
367 2751 398 2792 τι
423 2719 557 2809 ἀγαθόν
582 2723 762 2810 φέροντας·
796 2718 842 2802 ὥς
868 2721 906 2791 δὲ
924 2723 1078 2806 ἐπέλαζον

73 2856 99 2896 ω
112 2824 190 2914 ἤδη,
217 2823 424 2912 ἐμβαλόντας
452 2827 485 2904 ές
510 2822 633 2911 κράνος
658 2821 697 2894 τδ
722 2820 818 2912 ὕδωρ
840 2838 1078 2911 προσενεγκεῖν

111 2932 160 3019 τῷ
186 2931 326 3013 βασιλεῖ.
370 2925 432 2994 τόν
459 2924 498 2993 δέ
524 2931 639 3014 λαβεῖν
656 2924 719 3014 μὲν
735 2926 792 2994 καλ
813 2926 982 2994 ἐπαινέσαι
998 2923 1111 3005 τοδςε

112 3033 331 3116 κομίσαντας·
358 3025 507 3116 λαβόντα
525 3025 563 3094 δὲ
583 3028 619 3094 έν
637 3024 862 3109 ἀντειπόντων
877 3027 1002 3112 ἐκχέαι·
1021 3026 1078 3094 καὶ

114 3130 171 3197 έπί
203 3133 290 3220 τῷδε
321 3132 368 3220 τῷ
394 3134 482 3220 έργςο
510 3128 544 3204 ές
575 3127 715 3196 τοσόνδε
740 3129 991 3217 ἐπιρρωσθῆναι
1015 3125 1078 3212 την

113 3229 272 3316 στρατιάν
306 3228 485 3318 ξύμπασαν
516 3225 600 3298 ὥστε
630 3227 760 3296 εἰκάσαι
794 3226 838 3296 ἀν
869 3254 945 3296 τινα
971 3227 1078 3296 πότον

75 3361 101 3401 ω
114 3330 275 3414 γενέσθαι
292 3335 393 3399 πᾶσιν
413 3333 523 3400 έκεῖνο
540 3330 578 3397 τὸ
595 3325 690 3416 ὕδωρ
708 3326 745 3396 τό
762 3325 1078 3416 πρὸςἈλεξάνδρου

115 3431 278 3516 ἐκχυθέν,
312 3437 410 3500 τοῦτο
438 3429 516 3515 έγά,
542 3439 635 3514 εἴπερ
660 3454 692 3496 τι
717 3425 811 3516 ἀλλο,
836 3429 873 3497 τό
903 3434 1003 3514 ἔργον
1029 3437 1078 3508 είς

111 3538 295 3621 καρτερίαν
304 3558 339 3602 τε
352 3532 407 3601 καὶ
417 3529 485 3620 ἅμα
497 3535 698 3620 στρατηγίαν
710 3532 833 3599 ἐπαινῶ
843 3526 1077 3616 Ἀλεξάνδρον.
