2678 3950
479 259 662 310 ΑΝΑΒΑΣΙΣ
680 263 710 324 ο,
729 263 754 312 ο.
773 263 813 313 ιο.
1062 257 1127 321 213

167 413 311 504 στρατὸν
337 413 416 494 τοδς
443 421 505 502 μὲν
532 414 636 494 αὐτὸς
663 413 747 504 ἄλλῃ
774 417 831 485 καὶ
864 414 950 505 άλλῃ
982 409 1043 504 ἦγε
1067 417 1126 503 τῆς

166 516 290 604 χώρας,
307 515 348 584 τὰ
366 514 428 602 μὲν
447 521 589 605 πορθῶν
608 513 670 585 ὅσα
692 518 844 604 πολέμια,
868 519 909 585 τδι
929 517 967 586 δὲ
992 519 1126 586 σκοπῶν

167 616 232 705 ὅπη
259 616 489 705 εὐπορώτερος
516 616 608 708 αὐτῷ
635 615 653 685 ὁ
680 617 828 704 ποταμὸς
855 634 1022 705 φανεῖται,
1046 617 1127 696 τούς

168 717 206 787 δὲ
231 723 301 786 τῶν
326 717 502 805 ἡγεμόνων
528 717 640 798 ἄλλοις
666 722 723 787 καλ
750 718 862 800 ἄλλοις
898 720 1127 808 ἐπιτρέψας

141 820 224 888 ικαὶ
259 817 386 898 αὐτοῦς
421 823 569 906 πολλαχῆ
604 822 771 908 διέπεμπε.
833 835 925 900 σῖτος
964 820 1002 889 δὲ
1035 818 1161 911 αὐτῶ3

168 920 339 988 πάντοθεν
367 923 488 1007 ἕκτης
515 923 570 988 ἐπὶ
587 921 668 990 τάδε
693 927 756 990 τοῦ
770 920 937 992 Ὑδάσπου
964 920 1075 1009 χώρας
1094 924 1129 1000 ές

169 1020 207 1089 τδ
235 1021 462 1109 στρατόπεδον
489 1023 729 1110 ξυνεκομίζετο,
762 1021 808 1102 ῶς
838 1025 943 1109 δῆλον
970 1021 1129 1112 εἶναιτῷ

170 1121 284 1212 Πῶρῳ
317 1120 367 1190 ὅτι
400 1121 556 1208 έγυιυκῶς
589 1133 639 1210 εἴη
672 1133 912 1212 προσλιπαρεῖν
944 1127 986 1210 τῇ
1027 1121 1129 1211 ὄχθῃ,

170 1230 242 1294 ἕστε
268 1223 306 1291 τὸ
332 1221 429 1312 ὕδωρ
454 1230 518 1292 τοῶ
545 1229 698 1312 ποταμοῦ
729 1241 825 1312 μεῖον
857 1223 1040 1312 γενόμενον
1066 1225 1128 1292 τοῦ

132 1346 155 1386 ιο
168 1327 330 1411 χειμῶνος
356 1331 505 1412 πολλαχῇ
532 1331 749 1414 παραδοῦναί
779 1330 813 1394 οἱ
835 1325 896 1393 τδν
922 1325 1043 1414 πόρον·
1087 1323 1130 1391 τά

89 1437 95 1454 ’
167 1452 203 1494 τε
221 1434 323 1494 πλοῖα
341 1424 434 1518 αὐτῷ
452 1425 538 1514 ἄλλῃ
565 1429 622 1495 καὶ
648 1425 732 1515 άλλη
760 1427 996 1514 παραπλέοντα
1013 1428 1071 1494 καὶ
1093 1429 1133 1494 αἱ

169 1528 329 1615 διφθέραι
362 1533 421 1614 τῆς
456 1525 587 1616 κάρφης
624 1527 866 1617 ἐμπιπλάμεναι
898 1528 957 1596 καλ
986 1525 1008 1614 ἡ
1043 1525 1129 1614 ὄχθη

171 1632 261 1694 πᾶσα
297 1627 425 1716 πλήρης
456 1631 641 1718 φαινομένη
675 1633 717 1717 τῇ
750 1629 812 1716 μὲν
841 1630 990 1715 ἱππέων,
1011 1631 1063 1716 ’τῃ
1092 1626 1130 1696 δὲ

171 1733 288 1814 πεζῶν,
307 1726 371 1796 οῶκ
389 1739 441 1798 ελα
458 1727 595 1817 ἠρεμεῖν
612 1727 673 1798 τδν
696 1734 832 1820 Πῶρον,
851 1728 933 1798 οὐδὲ
952 1731 1039 1798 ἕντι
1057 1731 1130 1796 έπι-

133 1847 158 1888 ¹⁵
171 1829 353 1915 λεξάμενον
372 1831 405 1909 ἐς
424 1830 579 1918 φυλακὴν
597 1830 786 1921 ξύμφορον,
814 1834 847 1911 ές
865 1836 967 1899 τοῦτο
987 1833 1023 1899 έκ
1041 1829 1130 1898 πάν-

170 1955 238 1998 των
256 1931 574 2018 παρασκευάζεσθαι.
618 1930 726 2013 ἄλλως
750 1959 786 2000 τε
805 1935 841 2000 ἐν
858 1931 921 2019 μὲν
938 1934 986 2022 τῷ
1003 1930 1080 1999 τότε
1098 1933 1164 2003 ολ4

171 2032 314 2118 ποταμοὶ
340 2033 461 2112 πάντες
494 2039 531 2102 ολ
550 2029 684 2102 Ίυδικολ
710 2039 836 2102 πολλοῦ
861 2059 898 2102 τε
923 2031 1048 2112 ὕδατος
1073 2033 1131 2100 καὶ

170 2137 314 2220 θολεροῦ
342 2138 456 2221 ἔρρεον
482 2136 539 2202 καὶ
567 2131 658 2215 ὀξέος
684 2140 747 2203 τοῶ
774 2133 956 2224 ῥεύματος·
1000 2124 1043 2219 ἦν
1065 2133 1132 2222 γδιρ

173 2231 243 2322 ῶρα
257 2225 390 2322 ἔτουςῇ
407 2236 491 2303 κατὰ
508 2235 636 2326 τροπάς
653 2236 795 2322 μάλιστα
814 2238 851 2304 έν
868 2237 962 2321 θέρει
977 2235 1133 2321 τρέπεται

133 2333 190 2403 ιοὸ
217 2332 322 2422 ἥλιος·
357 2336 464 2425 ταύτῃ
492 2336 530 2406 δὲ
555 2340 596 2425 τῇ
626 2335 696 2428 ῶρρι
722 2334 832 2405 ὕδατά
857 2361 893 2404 τε
921 2335 954 2414 ἐξ
981 2332 1131 2422 οῶρανοῶ

90 2527 93 2538 Ι
173 2433 285 2524 ἀθρόα
310 2462 346 2503 τε
371 2439 593 2525 καταφέρεται
612 2439 645 2516 ἐς
662 2437 724 2524 την
742 2443 807 2524 γῆν
827 2437 890 2523 τὴν
903 2434 1048 2522 Ἰνδικὴν
1073 2436 1132 2502 καὶ

173 2542 212 2605 αι’
222 2537 332 2622 χιόνες
345 2542 385 2605 αλ
400 2539 436 2605 ἐκ
448 2543 509 2605 τοῦ
523 2536 721 2625 Καυκάσου,
737 2544 901 2623 ἔνθενπερ
914 2540 983 2604 τῶν
997 2539 1132 2604 πολλῶν

175 2640 335 2723 ποταμῶν
361 2644 401 2706 αἱ
429 2647 538 2724 πηγαί
567 2645 649 2724 εἰσι,
682 2637 946 2727 κατατηκόμεναι
972 2635 1133 2718 αὔξουσιν

174 2733 292 2817 αὐτοῖς
318 2737 356 2806 τὸ
382 2737 478 2828 ὕδωρ
505 2740 560 2808 ἐπὶ
587 2739 688 2826 μέγα·
731 2745 892 2830 χειμῶνος
926 2737 964 2808 δὲ
992 2744 1131 2826 ἔμπαλιν

136 2862 161 2904 ει
176 2849 341 2929 ἴσχουσιν,
373 2835 484 2926 ὀλίγοι
514 2866 550 2909 τε
581 2848 756 2926 γίγνονται
780 2842 838 2910 καὶ
870 2841 1016 2927 καθαροὶ
1044 2844 1132 2909 ἰδεῖν

174 2942 231 3008 καὶ
258 2945 346 3008 ἔστιν
373 2939 460 3010 ὅπου
486 2941 672 3031 περάσιμοι,
699 2942 788 3031 πλήν
814 2969 852 3029 γε
879 2941 920 3029 δὴ
947 2945 1009 3009 τοῶ
1023 2937 1132 3010 Ἰνδοῦ

174 3042 231 3109 καὶ
259 3042 407 3129 Γάγγου,
432 3045 489 3111 καὶ
515 3042 620 3130 τυχδν
645 3045 702 3112 καὶ
721 3042 827 3112 ἄλλου
845 3059 923 3111 του·
962 3041 1036 3109 ἀλλ’
1057 3037 1130 3128 ὅγ’

173 3140 337 3231 Ὑδάσπης
365 3144 507 3232 περατὸς
533 3153 670 3229 γίνεται.

256 3244 390 3332 Ταύτην
416 3235 478 3314 οὖν
495 3245 557 3333 τὴν
575 3241 667 3335 ῶραν
684 3247 745 3314 τοῦ
766 3251 862 3325 ἔτους
880 3243 1080 3333 προσμένειν
1098 3244 1132 3323 ἐς
1144 3255 1184 3318 10

137 3379 163 3420 30
175 3343 212 3413 τδ
241 3343 392 3432 φανερὰν
418 3352 576 3435 ἔφασκεν,
603 3354 636 3417 εἰ
653 3349 689 3416 ἐν
706 3351 754 3438 τῷ
771 3347 847 3416 τότε
864 3356 1020 3432 εἴργοιτο·
1056 3341 1074 3412 ὁ
1095 3343 1134 3413 δὲ

177 3444 279 3516 οὐδὲν
297 3463 393 3536 μεῖον
412 3448 605 3536 ἐφεδρεύων
624 3453 752 3538 ἔμενεν,
780 3457 814 3518 εἴ
836 3472 881 3536 πη
905 3444 1002 3514 λάθοι
1017 3443 1133 3534 ῶφαρ-

176 3549 284 3630 πάσας
311 3546 412 3630 ὀξέως
437 3549 498 3619 τὸν
523 3550 640 3641 πόρου.
685 3541 706 3638 ᾖ
734 3547 797 3639 μὲν
823 3547 864 3637 δὴ
891 3545 994 3625 αὐτὸς
1012 3549 1134 3637 Πῶρος
