2664 3946
217 219 278 284 126
566 220 815 278 ιιεωιαεεου

216 361 375 451 στρατιάν
399 359 445 442 άς
471 362 526 432 ἐπὶ
549 361 588 430 τό
607 367 725 431 πεδίον
750 360 845 448 άγειν
867 360 1002 430 καὶτὸν
1020 362 1171 450 ποταμόν

216 459 256 532 ὃν
272 467 371 554 ἐχρῆν
385 466 526 553 περᾶσαι
544 463 637 534 ίόντα
644 465 777 552 Πέρσας
791 467 965 552 γεφυροῦν
981 463 1170 533 ἐκέλευσεν·

216 564 321 645 αὐτὸς
339 564 377 634 δὲ
394 564 448 654 ᾔει
465 563 548 634 ὁδὸν
561 565 710 653 χαλεπὴν
727 566 784 634 καὶ
797 581 956 654 τραχεῖαν
973 567 1031 635 καὶ
1044 565 1172 655 ταύτην

216 665 331 757 δρόμςο
355 667 393 736 τὸ
420 667 507 737 πολό
525 659 593 755 ἦγε.
633 666 695 755 τὴν
711 666 774 754 μὲν
798 668 839 754 δὴ
857 665 994 758 πράτην
1012 667 1169 755 φυλακὴν

215 768 483 857 τῶνβαρβάρων
501 771 582 858 πρὶν
600 767 710 856 φάους
734 767 899 838 έπιπεσιδν
924 770 1092 856 διέφθειρε
1114 773 1197 838 καὶο
1318 823 1324 842 ι

184 873 285 937 λτῶν
316 871 485 958 δευτέρων
516 871 597 950 τούς
627 871 790 949 πολλούς·
830 873 889 957 τῆς
919 878 1034 958 τρίτης
1072 869 1110 940 δὲ
1140 875 1176 944 οί

217 977 355 1051 πλείους
369 973 543 1059 διέφυγον,
558 973 614 1040 καὶ
629 969 710 1040 οὐδὲ
725 962 818 1040 οὗτοι
831 979 880 1050 είς
893 969 931 1038 τὸ
946 969 1172 1060 στρατόπεδον

216 1070 254 1140 τδ
274 1071 532 1162 Ἀριοβαρζάνου
558 1080 704 1161 ἔφυγον,
735 1071 804 1141 ἀλλ’
831 1071 978 1142 αὐτόθεν
1005 1071 1051 1153 οδς
1081 1071 1172 1160 εἶχον

218 1176 252 1253 ἐς
275 1177 316 1242 τὰ
338 1171 399 1262 ὅρη
422 1175 665 1264 πεφοβημένοι,
693 1169 777 1243 ὥστε
805 1181 926 1244 ἔλαθεν
948 1173 1016 1243 άπδ
1042 1175 1104 1262 τὴν
1129 1178 1172 1244 ἕω

219 1274 386 1344 ἐπιπεσών
411 1278 459 1367 τῷ
484 1277 700 1366 στρατοπέδῳ
719 1277 788 1343 τῶν
815 1283 993 1363 πολεμίων.
1028 1279 1086 1345 καὶ
1104 1274 1172 1364 άμα
1186 1297 1211 1338 ιν

216 1374 280 1463 μὲν
294 1379 501 1466 προσέβαλλε
513 1379 554 1466 τῇ
573 1375 705 1467 τάφρῳ,
724 1374 791 1464 άμοι
808 1375 847 1446 δὲ
863 1380 921 1446 καὶ
939 1381 978 1446 αι’
993 1377 1173 1466 σάλπιγγες

219 1477 398 1565 ἐσήμαινον
415 1494 487 1558 τοῖς
504 1477 592 1567 ἀμφὶ
606 1477 792 1568 Κράτερον,
805 1481 863 1547 καὶ
876 1478 1047 1567 Κράτερος
1065 1500 1172 1567 προσ-

184 1580 278 1665 ὓῆγε
307 1583 354 1671 τῷ
387 1588 642 1668 προτειχίσματι.
689 1584 725 1648 οί
750 1581 900 1667 πολέμιοι
931 1579 970 1648 δὲ
1002 1580 1173 1650 πάντοθεν

218 1678 401 1769 άμφίβολοι
417 1680 608 1768 γιγνόμενοι
625 1679 707 1750 οὐδὲ
726 1683 760 1760 ἐς
777 1696 890 1767 χεῑρας
909 1680 1067 1761 ἐλθόντες
1086 1689 1172 1770 ἔφυ-

218 1807 301 1869 γον,
324 1780 411 1850 άλλά
428 1783 642 1868 πανταχόθεν
659 1781 724 1870 γάρ
748 1793 919 1872 εἴργοντο,
942 1787 983 1871 τῇ
1001 1783 1065 1870 μὲν
1078 1782 1171 1854 Ἀλε-
1185 1801 1210 1842 1⁵

219 1881 366 1968 ξάνδρον
386 1885 612 1970 ἐπικειμένου,
635 1881 721 1972 άλλη
740 1882 778 1952 δὲ
801 1887 870 1953 τῶν
892 1883 981 1972 ἀμφὶ
999 1883 1172 1974 Κράτερον

220 1981 476 2071 παραθεόντων,
494 1982 577 2054 ω”στε
590 1983 852 2072 ἠναγκάσθησαν
870 1990 906 2054 οί
920 1987 1039 2054 πολλοὶ
1057 1985 1172 2055 αὐτῶν

221 2087 255 2164 ἐς
272 2085 313 2152 τά
337 2093 428 2174 τείχη
451 2083 721 2175 ἀποστρέψαντες
739 2085 892 2174 φεάγειυ·
924 2097 1028 2173 είχετο
1051 2081 1092 2156 δὲ
1114 2089 1172 2156 καὶ

186 2186 261 2255 θεά
286 2193 377 2274 τείχη
403 2187 487 2275 πρὸς
515 2191 583 2255 τῶν
608 2187 818 2257 Μακεδόνων
847 2186 919 2276 ἤδη.
959 2188 1172 2277 Ἀλέξανδρος

219 2286 286 2378 γάρ
299 2291 400 2357 τοῦτο
410 2287 494 2358 αότδ
509 2286 590 2376 ὅπερ
600 2290 722 2377 ξυνέβη
736 2287 951 2378 ὑποτοπήσας
961 2298 1172 2378 Πτολεμαῖον
1184 2308 1211 2350 ²⁰
1323 2369 1324 2374 η

220 2389 433 2460 ἀπολελοίπει
445 2389 565 2478 αὐτοῦ,
579 2398 697 2477 ἔχοντα
710 2393 779 2458 τῶν
792 2394 897 2473 πεζῶν
912 2395 945 2471 ἐς
959 2399 1172 2480 τρισχιλίους,

221 2489 305 2561 ὥστε
323 2497 359 2560 οί
372 2491 434 2578 μὲν
452 2499 601 2561 πλεῖστοι
624 2491 890 2581 τῶνβαρβάρων
916 2496 954 2562 ἐν
977 2495 1071 2581 χερσὶ
1088 2493 1173 2582 πρὸς

220 2597 289 2661 τῶν
303 2593 513 2662 Μακεδόνων
525 2593 770 2681 κατεκόπησαν·
790 2599 825 2662 οί
836 2593 943 2662 δὲκαὶ
959 2597 996 2663 ἐν
1008 2596 1050 2682 τῇ
1065 2597 1173 2682 φυγῇ,

221 2696 350 2783 φοβερᾷ
364 2696 541 2784 γενομένη,
554 2695 638 2763 κατὰ
650 2699 720 2762 τῶν
733 2698 891 2782 κρημνῶν
905 2698 1064 2784 ῥίψαντες
1078 2695 1174 2765 άπά-

221 2803 335 2865 λοντο·
364 2795 467 2875 αὐτὸς
481 2802 519 2866 δε
532 2793 550 2863 ὁ
565 2795 818 2886 Ἀριοβαρζάνης
832 2796 895 2878 ξόν
909 2796 1035 2883 ὀλίγοις
1051 2799 1173 2867 ίππεῦ-
1187 2818 1212 2859 2⁵

222 2918 276 2966 σιν
294 2901 327 2977 ἐς
344 2895 385 2964 τά
403 2897 463 2991 όρη
481 2897 664 2984 άπέφυγεν.

174 3003 205 3054 ¹⁰
293 2998 509 3089 Ἀλέξανδρος
532 2998 569 3067 δὲ
593 3001 724 3086 σπουδῇ
749 2991 848 3080 αὖθις
865 2991 945 3087 ἦγεν
965 2997 1010 3081 ὥς
1036 3001 1091 3068 ἐπὶ
1114 3001 1174 3068 τὸν
1233 3024 1241 3043 ’

222 3100 386 3192 ποταμόν,
403 3105 460 3173 καὶ
473 3101 718 3189 καταλαμβάνει
729 3097 792 3190 ἤδη
806 3103 1030 3190 πεποιημένην
1045 3100 1091 3170 ἐπ’
1107 3099 1172 3169 αό-

221 3207 283 3274 τοῦ
297 3205 465 3295 γέφυραν,
482 3203 539 3272 καὶ
554 3205 716 3291 διαβαίνει
730 3203 793 3283 ξδν
805 3207 846 3291 τῇ
863 3206 1000 3292 στρατιᾷ
1016 3201 1173 3281 εὐπετῶς.

223 3311 382 3379 ἐντεῦθεν
399 3305 438 3376 δὲ
451 3295 552 3384 αὖθις
565 3308 698 3393 σπουδῇ
717 3302 863 3391 ἤλαυνεν
879 3308 911 3385 ές
926 3306 1071 3392 Πέρσας,
1091 3301 1174 3372 ὥστε
1187 3329 1213 3370 ω

224 3418 312 3496 ἔφθη
326 3406 506 3498 άφικέσθαι
519 3408 600 3495 πρὶν
613 3406 654 3474 τά
668 3405 819 3496 χρήματα
832 3407 1082 3495 διαρπάσασθαι
1094 3405 1174 3484 τούς

222 3510 386 3599 φύλακας.
416 3517 512 3600 ἔλαβε
530 3510 568 3580 δὲ
585 3507 696 3580 καὶτὰ
717 3511 753 3578 ἐν
767 3508 1006 3596 Πασαργάδαις
1023 3507 1175 3596 χρήματα
