2590 3948
228 253 292 321 332
584 251 838 314 mmmm

209 415 433 496 ’ξυντεθέντα
465 409 487 501 ἣ
512 411 763 502 ὁμολογηθέντα
789 411 935 498 φυλάξαι
960 411 1199 501 βεβαιότατος,

229 516 314 602 πρὸς
332 514 370 583 δέ
386 519 456 584 τόν
471 512 711 595 ἐξαπατώντων
723 511 769 601 μὴ
782 512 911 582 ἀλάναι
923 510 1199 599 ἀσφαλέστατος·

230 615 407 704 χρημάτων
419 615 459 684 δὲ
473 619 507 694 ές
524 617 587 702 μέν
599 608 724 701 ἡδονὰς
735 612 797 693 τὰς
810 613 916 682 αὑτοῦ
931 613 1197 700 φειδωλότατος,

231 718 265 796 ές
290 715 330 785 δὲ
356 715 510 785 εὐποιίαν
534 719 604 782 τάν
630 715 734 794 πέλας
759 713 1010 802 ἀφθονότατος.

178 821 220 886 29
307 823 353 888 Et
377 819 419 885 δέ
440 843 473 884 τι
491 815 727 903 ἐπλημμελήθη
741 814 947 907 Ἀλεξάνδρφ
970 813 1016 884 δι’
1044 813 1221 901 ὀξὺτηταε

228 911 250 1004 ἢ
274 915 338 986 ὑπ’
366 915 481 1004 ὀργῆς,
506 913 528 1002 ἢ
546 926 581 985 ελ
592 942 625 985 τι
642 917 675 995 ἐς
692 915 730 984 τὸ
748 915 1016 1004 ὑπερογκότερον
1034 915 1196 1004 προήχθη

228 1023 442 1108 βαρβαρίσαι,
456 1014 497 1086 οὑ
510 1017 639 1104 μεγάλα
650 1024 786 1104 τίθεμαι
800 1023 916 1103 ἔγωγε,
929 1024 963 1086 εἰ
972 1017 1036 1103 τὴν
1048 1016 1196 1103 νεότητά

227 1121 267 1188 τέ
288 1144 337 1198 τις
361 1117 424 1206 τὴν
445 1117 666 1206 Ἀλεξάνδρου
692 1116 737 1204 μὴ
763 1116 957 1198 ἀνεπιεικῶς
980 1120 1195 1205 ἐνθυμηθείη

228 1220 287 1288 καί
302 1217 341 1287 τό
362 1219 509 1308 διηνεκὲς
525 1223 585 1305 τῆς
606 1217 765 1304 εὐτυχίας
786 1219 844 1287 καὶ
856 1217 937 1297 τοὺς
950 1219 1036 1306 πρὸς
1048 1217 1195 1306 ἡδονήν,

228 1318 294 1390 οὑκ
320 1321 376 1390 ἐπί
400 1326 448 1412 τῷ
465 1327 640 1411 βελτίστῳ,
666 1333 738 1398 τοῖς
762 1325 937 1407 βασιλεῦσι
961 1319 1130 1400 ξυνόντας
1159 1346 1195 1387 τε
1208 1348 1228 1386 ιι

228 1422 285 1490 καὶ
312 1423 367 1490 ἐπὶ
392 1425 484 1513 κακῷ
511 1421 772 1507 ξυνεσομένους·
808 1418 894 1487 ἀλλά
920 1424 1140 1506 μεταγνῶναί
1155 1446 1195 1506 γε

230 1520 285 1610 ἐφ’
305 1517 357 1602 οἷς
375 1523 604 1610 ἐπλημμέλησε
620 1519 714 1612 μόνῳ
728 1519 805 1589 οἶδα
821 1523 892 1588 τῶν
909 1521 1011 1590 πάλαι
1022 1523 1196 1609 βασιλέων

195 1621 435 1715 ιἈλεξάνδρφ
452 1621 608 1710 ὑπάρξαν
626 1620 694 1690 ὑπό
713 1620 957 1708 γενναιότητος.
996 1627 1033 1691 os
1047 1620 1087 1690 δὲ
1106 1630 1196 1690 πολ·

229 1730 296 1810 λοί,
323 1730 355 1793 εἰ
378 1731 439 1792 καί
461 1748 493 1791 τι
520 1729 673 1808 ἔγνωσαν
699 1723 1004 1810 πλημμελήσαντες,
1031 1726 1067 1791 οί
1086 1722 1128 1799 δὲ
1145 1728 1196 1814 τῷ

229 1838 432 1912 προηγορεῖν
458 1821 577 1909 αὑτοῦ,
606 1822 652 1902 ὑς
677 1829 789 1903 καλῶς
806 1821 848 1910 δὴ
867 1825 1090 1911 πραχθέντος,
1119 1827 1227 1893 ἔσται

229 1924 373 2010 κρύψειν
392 1933 518 1992 οῖονται
536 1925 598 2011 τὴν
611 1923 789 2011 ἁμαρτίαν,
808 1927 920 2005 κακῶς
935 1923 1195 2010 γιγνώσκοντες.
1262 1931 1263 1945 ’

229 2024 317 2112 μόνη
334 2023 399 2112 γὰρ
419 2029 528 2112 ἔμοιγε
545 2029 639 2092 δοκεῖ
663 2035 750 2104 ἴασις
775 2021 941 2113 ἀμαρτέας
959 2024 1140 2113 ὁμολογεῖν
1158 2051 1196 2093 τε

229 2123 422 2213 ἁμαρτόντα
438 2126 496 2192 καὶ
510 2126 613 2212 δῆλον
626 2123 713 2193 εἶναι
726 2128 768 2194 ἐπ
781 2124 873 2217 αὑτῷ
886 2127 1194 2213 μεταγινώσκοντα,

230 2223 274 2306 ὑς
290 2240 362 2306 τοῖς
376 2228 530 2294 παθοῦσί
544 2251 580 2294 τε
593 2224 693 2314 ἀχαρι
704 2225 744 2294 οὑ
759 2226 867 2313 πάντη
880 2227 1007 2314 χαλεπὰ
1018 2225 1061 2296 τά
1074 2227 1190 2314 σταθή-
1261 2207 1262 2293 δ

228 2353 315 2409 ματα
341 2327 542 2414 φαινόμενα,
567 2333 600 2397 εἰ
624 2326 643 2396 ὁ
671 2327 798 2416 δράσας
824 2326 908 2396 αὑτὰ
933 2328 1123 2414 ξυγχωροίη
1140 2325 1221 2394 ὅτιιι

229 2426 270 2496 οὑ
296 2425 382 2496 καλά
411 2433 564 2517 ἔδρασεν,
591 2425 684 2519 αὑτῷ
709 2429 750 2496 τέ
763 2454 828 2495 τινι
854 2430 888 2507 ές
904 2428 942 2496 τδ
960 2431 1085 2516 μέλλον
1103 2427 1189 2496 ταὺ-
1260 2485 1261 2512 ,

227 2554 289 2616 την
322 2531 441 2597 έλπίδα
472 2526 609 2615 ἀγαθὴν
640 2526 920 2616 ὑπολειπομένην,
952 2529 998 2616 μή
1031 2554 1113 2598 ποτε
1145 2525 1189 2597 ἀν

229 2629 463 2716 παραπλήσιόν
487 2657 519 2698 τι
544 2628 717 2718 ἁμαρτεῖν,
744 2637 777 2700 εί
801 2644 872 2709 τοῖς
899 2627 1050 2717 πρόσθεν
1077 2638 1188 2717 πλημ-

195 2737 422 2816 ῖμεληθεῖσιν
435 2728 620 2816 ἀχθόμενος
638 2737 801 2816 φαίνοιτο.
828 2727 879 2798 ὅτι
895 2729 933 2798 δὲ
951 2737 1000 2810 εἰς
1021 2730 1109 2798 θεὸν
1126 2729 1188 2816 τὴν
1259 2781 1260 2820 ,

228 2829 359 2915 γένεσιν
381 2829 443 2916 τὴν
460 2827 569 2898 αὑτοῦ
586 2828 760 2920 ἀνέφερεν,
788 2827 984 2899 οὐδὲτοῦτο
1002 2832 1076 2918 ἐμοὶ
1094 2835 1218 2898 δοκεῖτε
1259 2843 1260 2846 ’

229 2926 315 2998 εἶναι
331 2929 416 3016 μέγα
434 2927 527 3020 αὑτῷ
545 2927 582 2998 τὸ
600 2933 833 3019 πλημμέλημα,
857 2931 949 3018 εἰμὴ
966 2933 1023 3000 καὶ
1041 2931 1187 3019 σόφισμα

227 3020 270 3116 ἦν
301 3029 407 3116 τυχόν
442 3033 475 3110 ἐς
508 3029 589 3110 τοὺς
620 3029 794 3118 ὑπηκόους
826 3034 886 3099 τοὺ
921 3034 1044 3118 σεμνοῦ
1080 3035 1186 3102 ἕνεκα.
1258 3039 1259 3044 ’

229 3129 356 3200 οὔκουν
383 3136 477 3200 δοκεῖ
503 3136 612 3219 ἔμοιγε
635 3127 657 3218 ἢ
684 3137 824 3211 Μίνωος
849 3134 1006 3217 γενέσθαι
1030 3131 1188 3219 βασιλεὺς

229 3229 458 3321 ἀφανέστερος
482 3229 505 3319 ἢ
526 3235 656 3304 Αἰακοῦ
682 3229 983 3321 ἢῬαδαμάνθυος·
1024 3229 1075 3314 οἷς
1093 3235 1136 3321 δὴ
1153 3236 1187 3314 ἐς
1258 3255 1259 3342 ρ

230 3339 298 3401 Δία
316 3330 536 3419 ἀνενεχθεῖσα
554 3333 575 3421 ἡ
592 3336 722 3420 γένεσις
740 3335 825 3422 πρὸς
841 3338 911 3403 τῶν
929 3336 1031 3403 πάλαι
1048 3334 1183 3422 ἀνθρό-
1197 3357 1217 3396 ν
1257 3363 1258 3374 ’

230 3454 304 3498 που
317 3429 457 3520 οὐδεμιᾷ
471 3432 585 3501 αὑτῶν
598 3431 694 3520 ὑβρει
707 3444 936 3521 προστίθεται·
961 3434 1042 3504 οὐδὲ
1053 3439 1186 3525 Θησέως

196 3535 290 3597 4τοῦ
318 3535 529 3612 Ποσειδῶνος
555 3531 636 3600 οὐδὲ
653 3531 769 3613 Ἴωνος
792 3540 854 3603 τοὺ
875 3533 1098 3616 Ἀπόλλωνος.
1141 3535 1184 3616 ὑς
