2650 3948
492 238 676 290 Δαιοεεικ
694 241 720 302 ι,
739 241 763 292 ι.
1066 237 1107 302 61

145 375 215 464 λην
239 377 278 446 δὲ
301 383 348 470 τῷ
376 385 530 472 Φιλίππῳ
555 383 675 446 δοῦναι
698 375 901 464 άναγνῶναι.
943 378 1000 448 καὶ
1022 377 1109 468 ὁμοῦ
1127 395 1159 446 10

144 477 209 546 τόν
231 505 267 546 τε
287 476 506 568 Ἀλέξανδρον
531 485 641 548 πίνειν
666 479 722 548 καλ
744 477 805 549 τόν
832 487 1000 550 Φίλιππον
1023 477 1108 550 άνα-

145 579 328 666 γινώσκειν
344 579 384 649 τά
403 580 493 668 παρά
510 585 571 650 τοῦ
591 589 839 668 Παρμενίωνος.
885 589 1053 652 Φίλιππον
1071 582 1109 654 δὲ

147 679 256 761 εὐθύς
283 686 426 770 ἔνδηλον
449 683 608 768 γενέσθαι
629 681 680 750 ότι
701 687 811 762 καλοῖς
835 685 871 751 οί
892 688 959 770 ἔχει
982 681 1022 752 τά
1046 688 1108 754 τοῦ

119 781 348 870 εφαρμάκου·
375 780 416 852 ού
435 782 499 871 γάρ
519 787 724 869 ἐκπλαγῆναι
740 781 823 872 πρός
840 781 902 869 τήν
921 784 1109 874 ἐπιστολήν,

147 881 234 952 άλλά
257 883 397 953 τοσόνδε
418 883 524 972 μόνον
547 885 773 972 παρακαλέσαι
793 881 1031 974 Ἀλέξανδρον,
1052 887 1109 954 καὶ

148 987 184 1064 ἐς
201 983 241 1052 τά
265 983 350 1053 ἄλλα
379 989 415 1054 οί
429 993 610 1054 πείθεσθαι
626 983 690 1052 ὅσα
708 986 957 1071 ἐπαγγέλλοιτο·
992 987 1108 1074 σωθή-

148 1095 270 1155 σεσθαι
299 1085 364 1174 γάρ
391 1086 602 1174 πειθόμενον.
645 1085 701 1154 καὶ
724 1084 785 1154 τόν
806 1085 869 1174 μὲν
891 1093 1112 1178 καθαρθῆναί
1127 1105 1156 1154 11

146 1213 184 1255 τε
201 1187 258 1254 καὶ
272 1191 386 1275 ῥαῖσαι
399 1182 491 1279 αύτῷ
504 1185 541 1256 τό
556 1186 701 1276 νόσημα·
730 1193 886 1278 Φιλίππῳ
901 1188 937 1257 δέ
952 1191 1109 1271 ἐπιδείξω

108 1317 135 1358 ιο
148 1287 201 1357 ὅτι
224 1288 340 1368 πιστός
365 1292 454 1358 ἐστιν
471 1285 564 1381 αύτῷ
581 1296 679 1377 φίλος
695 1289 752 1358 καὶ
768 1302 838 1368 τοῖς
856 1287 966 1369 ἄλλοις
983 1289 1022 1359 δὲ
1037 1305 1108 1372 τοῖς

146 1385 230 1477 ἄμφ’
254 1387 359 1459 αύτόν
383 1388 433 1458 ότι
448 1387 574 1474 ,αύτοϊς
590 1418 626 1459 τε
642 1405 711 1469 τοῖς
727 1396 837 1478 φίλοις
853 1390 986 1476 βέβαιος
1004 1397 1053 1470 είς
1069 1391 1106 1462 τό

147 1489 346 1562 ἀνύποπτον
374 1490 532 1579 τυγχάνει
567 1488 617 1560 οἲν
651 1491 708 1560 καὶ
735 1489 821 1580 πρός
849 1489 887 1559 τό
919 1485 1107 1562 ἀποθανεῖν

151 1594 351 1680 ἐρρωμένος.

221 1691 277 1764 Ἐκ
299 1693 337 1762 δὲ
360 1691 484 1762 τούτου
502 1699 728 1782 Παρμενίωνα
749 1691 813 1780 μέν
838 1694 958 1782 πέμπει
976 1695 1031 1763 ε’πλ
1047 1693 1148 1775 τάςῇ

11 1853 12 1872 ,
109 1790 251 1875 ιιάλλας
281 1792 407 1881 πύλας,
442 1801 482 1864 αἳ
501 1793 544 1881 δὴ
570 1791 715 1881 ὁριῖουσι
737 1793 799 1882 την
820 1803 970 1864 Κιλίκων
992 1797 1107 1866 τεκαὶ

144 1892 334 1985 Ἀσσυρίων
351 1894 475 1984 χάραν,
494 1901 762 1983 προκαταλαβεῖν
779 1897 836 1963 καὶ
848 1895 1033 1984 φυλάσσειν
1045 1896 1107 1985 τὴν

148 1995 316 2085 πάροδον,
343 1995 425 2076 δούς
448 1993 540 2089 αύτῷ
557 2002 625 2065 τῶν
641 2023 677 2064 τε
694 1996 874 2084 ξυμμάχων
890 1997 971 2078 τούς
988 1997 1107 2082 πεζούς

148 2098 206 2166 καὶ
223 2097 303 2178 τούς
316 2097 478 2184 Ἕλληνας
494 2095 574 2177 τούς
592 2097 821 2186 μισθοφόρους
839 2099 895 2168 καὶ
912 2097 993 2180 τούς
1011 2106 1106 2192 Θρᾷ-

148 2226 220 2286 κας,
239 2192 288 2268 οἷν
305 2197 471 2286 Σιτάλκης
493 2195 624 2288 ἡγεῖτο,
647 2199 704 2266 καὶ
726 2197 806 2279 τούς
832 2201 952 2281 ἱππέας
970 2200 1009 2269 δὲ
1024 2201 1106 2282 τούς

110 2328 136 2368 ιο
151 2299 346 2380 Θετταλούς.
381 2295 484 2380 αύτός
508 2299 546 2369 δὲ
568 2298 708 2388 ὕστερος
732 2297 815 2387 άρας
839 2303 876 2369 ἐκ
905 2307 1039 2390 Ταρσοῦ
1062 2305 1136 2392 τῇε

110 2475 112 2478 ,
148 2401 211 2489 μὲν
234 2401 350 2491 κράτη
373 2407 420 2480 είς
440 2399 615 2489 Ἀγχίαλον
632 2400 733 2469 πόλιν
750 2397 946 2488 ἀφικνεῖται.
980 2402 1106 2490 ταύτην

149 2502 188 2571 δὲ
206 2502 477 2591 Σαρδανάπαλον
493 2509 602 2572 κτίσαι
618 2501 679 2571 τόν
698 2499 874 2591 Ἀσσύριον
897 2501 1010 2589 λόγος·
1049 2505 1106 2572 καὶ

148 2609 199 2696 τῷ
217 2603 383 2697 περιβόλῳ
403 2603 441 2672 δὲ
458 2604 514 2671 καὶ
530 2617 599 2682 τοῖς
615 2609 783 2690 θεμελίοις
800 2608 869 2672 τῶν
886 2609 1004 2691 τειχῶν
1020 2603 1105 2693 δήλη

150 2705 219 2773 ἐστὶ
236 2704 364 2793 μεγάλη
381 2731 417 2773 τε
429 2703 523 2784 πόλις
536 2713 709 2773 κτισθεῖσα
722 2704 779 2772 καὶ
793 2704 849 2773 ἐπὶ
861 2706 946 2792 μέγα
960 2707 1106 2777 ἐλθοῦσα

110 2833 137 2874 ιι
150 2806 334 2894 δυνάμεως.
368 2805 425 2874 καὶ
448 2803 485 2873 τό
508 2811 621 2893 μνῆμα
637 2811 697 2873 τοῦ
715 2806 985 2894 Σαρδαναπάλου
1004 2807 1105 2894 ἐγγύς
1122 2822 1140 2874 8

148 2900 195 2996 ἦν
205 2913 276 2976 τῶν
292 2912 412 2995 τειχῶν
428 2911 496 2974 τῶν
511 2901 700 2994 Ἀγχιάλου·
727 2907 783 2974 καὶ
802 2905 905 2988 αύτός
923 2908 1107 2996 ἐφειστήκει

150 3005 199 3078 ἐπ’
225 3006 316 3100 αύτῷ
343 3007 610 3097 Σαρδανάπαλος
637 3007 875 3096 σνμβεβληκάς
904 3007 963 3088 τάς
992 3023 1105 3100 χεῖρας

149 3107 305 3197 άλλήλαις
329 3107 373 3190 οἱς
397 3109 534 3197 μάλιστα
559 3111 591 3190 ἐς
613 3107 734 3194 κρότον
758 3109 1022 3198 συμβάλλονται,
1048 3110 1105 3180 καλ

149 3215 339 3300 ἐπίγραμμα
370 3211 592 3298 ἐπεγέγραπτο
618 3207 711 3302 αύτῷ
734 3205 890 3299 Ἀσσύρια
913 3211 1104 3300 γράμματα·

112 3339 137 3380 ιο
150 3317 185 3383 οί
210 3312 274 3400 μέν
299 3306 465 3401 Ἀσσύριοι
494 3311 550 3380 καὶ
577 3313 698 3401 μέτρον
727 3317 874 3400 ἔφασκον
906 3315 1031 3381 ἐπεῖναι
1056 3318 1137 3405 τῷλ

151 3413 386 3503 ἐπιγράμματι,
417 3410 435 3482 ὁ
454 3411 492 3482 δὲ
509 3417 591 3492 νούς
608 3405 651 3501 ἦν
669 3410 760 3504 αὐτῷ
777 3409 818 3480 δν
835 3418 954 3501 ἔφραζε
969 3411 1010 3481 τά
1028 3419 1102 3500 ἔπη,

151 3515 200 3586 ὅτι
225 3512 556 3604 Σαρδανάπαλος
580 3509 598 3581 ὁ
622 3511 983 3601 Ἀνακυνδαράξου
1006 3527 1102 3593 παίς
