2664 3946
495 246 679 298 εαιεεεῐε
695 249 726 310 ι,
744 249 769 298 ε.
1051 242 1113 308 155

146 409 237 486 δίψει
262 429 298 472 τε
315 401 336 490 ῆ
354 401 491 489 στρατιά
509 409 600 472 πάσα
619 414 736 492 είχετο,
762 403 819 471 καὶ
835 397 940 483 αύτδς
956 401 1112 485 Ἀλέξων·
1133 421 1136 426 “

146 511 226 592 δρος
258 504 412 575 ἐλαύνων
445 511 535 574 πίνει
565 501 685 574 ὁποῖον
717 497 760 592 ῆν
794 502 889 589 ὕδωρ
923 507 960 574 ἐν
991 508 1033 593 τῆ
1065 509 1112 594 γῆ

147 609 270 696 ἐκείνη.
326 607 384 674 καί
414 597 459 692 ῆν
489 603 554 692 γάρ
585 604 737 695 πονηρὰν
774 604 813 675 τδ
848 603 962 694 ὕδωρ,
1001 608 1144 694 ῥεύμαε

147 705 277 793 άθρύον
293 704 515 794 κατασκήπτει
532 703 627 798 αύτῷ
654 711 688 787 ἐς
713 705 775 794 τῆν
793 707 948 795 γαστέρα·
980 708 1037 776 καὶ
1056 707 1112 775 ἐπὶ

121 815 234 900 ετῷδε
259 806 280 896 ῆ
306 811 416 890 δίωξις
442 802 506 878 ούκ
533 809 588 876 ἐπὶ
621 806 759 877 πάντων
786 814 938 878 Σκυθῶν
966 809 1110 895 ἐγένετο·

147 918 179 981 εί
204 909 242 978 δὲ
266 907 324 998 μῆ,
350 912 510 978 δοκοῦσιν
527 907 570 976 άν
596 936 650 996 μοι
667 912 724 978 καί
743 909 865 989 πάντες
883 914 1113 997 διαφθαρῆναι

148 1014 185 1081 ἐν
210 1011 252 1100 τῆ
280 1014 387 1099 φυγῇ,
414 1015 447 1079 εἰ
470 1008 515 1098 μῆ
538 1009 806 1099 Ἀλέξανδρος
831 1007 869 1078 τδ
889 1015 983 1099 σῶμα
1002 1015 1111 1097 ἔκαμε.

146 1113 204 1181 καὶ
238 1109 340 1192 αύτδς
375 1113 409 1192 ές
440 1116 580 1198 ἔσχατον
611 1109 775 1181 κινδύνου
812 1109 923 1180 έλθοδν
950 1114 1113 1199 ἐκομίσθη

147 1210 256 1282 ὀπίσω
290 1215 323 1292 ές
353 1211 390 1280 τδ
423 1210 660 1300 στρατόπεδον.
718 1213 776 1281 καὶ
814 1209 905 1280 οὕτω
937 1213 1060 1298 ξυνέβη
1091 1210 1113 1298 ῆ

112 1345 137 1386 ιο
149 1319 288 1403 μαντεία
312 1308 554 1406 Ἀριστάνδρῳ.

219 1411 355 1500 Ὀλίγον
387 1413 425 1484 δέ
450 1411 595 1502 ὕστερον
622 1412 712 1501 παρά
739 1418 801 1483 τού
827 1412 988 1501 βασιλέως
1016 1407 1150 1482 Σκυ--ῧ

147 1521 223 1586 θῶν
250 1514 473 1603 άηικνοῦνται
491 1512 572 1604 παρ’
593 1515 815 1602 Ἀλέξανδρον
832 1514 998 1603 πρέσβεις,
1023 1507 1113 1602 ὑπὲρ

147 1619 216 1686 τῶν
240 1616 462 1704 πραχθέντων
490 1621 523 1697 ἐς
549 1614 736 1702 άπολογίαν
764 1616 1030 1704 ἐκπεμφθέντες,
1065 1611 1115 1684 ὅτι

149 1715 213 1788 ούκ
225 1713 292 1786 άπὸ
306 1722 369 1786 τού
381 1720 497 1785 κοινοῦ
507 1723 577 1784 τῶν
586 1718 737 1785 Σκυθῶν
752 1715 916 1803 ἐπράχθη,
926 1714 1013 1785 ἀλλὰ
1030 1714 1112 1784 καθ’

110 1848 135 1889 ιε
149 1813 307 1906 άρπαγῆυ
339 1821 505 1910 λῃστρικῷ
537 1817 653 1911 τρόπω
685 1819 892 1905 σταλέντων,
924 1818 981 1886 καλ
1013 1813 1115 1898 αύτδς

149 1918 200 1990 ὅτι
233 1920 341 1990 ἐθέλει
373 1933 482 1989 ποιεῖν
511 1917 552 1988 τά
587 1916 864 2007 ἐπαγγελλόμενα.
917 1919 973 1987 καλ
1004 1917 1115 2010 τούτῳ

149 2020 374 2111 φιλάνθρωπα
401 2021 584 2090 ἐπιστέλλει
604 2018 835 2108 Ἀλέξανδρος,
861 2017 912 2088 ὅτι
938 2017 1017 2088 ούτε
1035 2018 1114 2087 άπι-

151 2124 295 2192 στοῦντα
320 2120 366 2210 μῆ
393 2123 555 2204 ἐπεξιέναι
580 2119 686 2190 καλδν
711 2115 805 2212 αύτῷ
834 2121 1007 2209 ἐφαίνετο,
1035 2117 1115 2189 ούτε

150 2221 233 2292 κατά
259 2221 378 2309 καιρὸν
402 2215 445 2310 ῆν
473 2226 510 2292 ἐν
535 2225 581 2315 τῷ
608 2222 683 2291 τότε
710 2221 880 2302 ἐπεξιέναι.

110 2353 137 2394 ιο
230 2328 277 2394 Os
299 2322 338 2392 δὲ
364 2325 401 2392 ἐν
425 2323 666 2412 Μαρακάνδοις
692 2320 731 2392 έν
755 2326 800 2412 τῆ
825 2321 914 2412 ι’ίκρᾳ
940 2319 1149 2409 φρουρούι

150 2451 244 2514 μενοι
261 2423 460 2504 Μακεδόνες
486 2427 674 2513 προσβολῆς
700 2423 881 2512 γενομένης
906 2427 948 2512 τῆ
971 2419 1060 2512 άκρᾳ
1079 2425 1116 2492 ἐκ

152 2525 384 2613 Σπιταμένους
406 2551 442 2593 τε
459 2528 516 2594 καὶ
533 2531 603 2595 τοῖν
620 2522 705 2612 ἄμφ’
724 2522 832 2594 αύτὸυ
850 2523 1116 2612 ἐπεκδραμόντες

151 2625 355 2697 ἀπέκτεινάν
379 2653 416 2695 τε
446 2629 517 2696 τῶν
542 2632 713 2714 πολεμίων
740 2631 829 2694 ἐστιν
856 2621 916 2705 οδς
940 2626 998 2693 καὶ
1024 2621 1116 2692 άπω·

152 2750 254 2798 σαντο
278 2727 491 2816 ξύμπαντας,
522 2729 580 2797 καὶ
604 2721 702 2796 αύτοὶ
725 2725 869 2807 άπαθεῐς
893 2725 1116 2815 ἀπεχώρησαν

112 2835 187 2911 ιεές
219 2828 281 2916 τῆν
312 2827 429 2916 άκραν.
491 2826 536 2910 ύς
568 2829 606 2898 δὲ
637 2830 695 2896 καὶ
727 2833 764 2897 οί
798 2825 862 2898 ὕπ’
892 2824 1148 2915 Ἀλεξάνδροοο

153 2930 345 3019 ἐσταλμένοι
371 2932 405 3010 ές
422 2929 637 3019 Μαράκανδα
658 2927 723 3017 ῆδη
741 2927 969 3018 προσάγοντες
988 2937 1116 2998 Σπιτα-

151 3032 245 3119 μένει
277 3033 530 3119 ἐξηγγέλλοντο,
562 3029 624 3118 τῆν
649 3030 712 3118 μέν
744 3035 940 3117 πολιορκίαν
974 3033 1117 3099 ἐκλείπει

151 3138 209 3220 τῆς
235 3131 354 3222 ἄκρας,
380 3129 482 3212 αύτός
509 3132 547 3201 δὲ
574 3131 619 3211 ύς
645 3134 679 3212 ἐς
704 3129 745 3199 τά
770 3138 922 3218 βασίλεια
944 3133 1002 3216 τῆς
1023 3140 1115 3217 Σογ·

152 3237 270 3319 διανῆς
295 3230 465 3320 άνεχύρει.
518 3229 717 3319 Φαρνούχης
742 3231 782 3301 δέ
806 3232 864 3301 καὶ
891 3235 928 3300 οί
942 3231 1005 3312 ξύν
1022 3229 1116 3324 αύτῷ

113 3362 139 3404 ιο
153 3335 333 3421 στρατηγοὶ
365 3331 570 3414 σπεύδοντες
597 3333 747 3414 ἐξελάσαι
772 3332 885 3402 αὐτὸν,
904 3331 1117 3402 παντάπασιν

154 3438 211 3505 ἐπί
235 3461 270 3502 τε
295 3433 337 3502 τά
364 3431 439 3524 ὅρια
462 3435 522 3521 τῆς
540 3435 730 3520 Σογδιανῆς
756 3435 955 3514 ξυνείποντο
978 3433 1116 3519 ύποχω·

152 3541 271 3620 ρούντι
295 3535 354 3604 καλ
381 3542 430 3617 είς
454 3535 533 3616 τούς
560 3535 721 3622 Νομάδας
739 3533 821 3616 τούς
840 3533 981 3614 Σκύθας
998 3531 1116 3603 ούδενὶ
