2664 3946
202 253 246 320 94
559 249 810 312 ιεεωεαοεοε

170 395 330 468 σαύτοῦ·
350 398 406 466 ἐπὶ
425 393 463 464 δέ
479 393 574 486 αύτῷ
589 393 806 484 Ἀλέξανδρος
826 400 899 482 ἔσχε
915 392 954 463 τό
972 409 1080 482 τεῖχος
1098 394 1163 478 ξύν

202 514 275 578 τοῖς
294 499 445 585 ἑταίροις.
481 495 526 576 ῶς
545 495 584 566 δὲ
601 505 731 583 είχοντο
754 495 848 588 αὐτῷ
872 495 998 586 πύργοι
1013 523 1049 566 τε
1074 503 1162 568 ἔστιν

203 607 241 670 οἳ
273 599 331 667 καὶ
360 598 589 687 μεταπύργια,
626 596 731 677 αύτός
760 597 823 685 μὲν
853 597 976 687 παρῄει
1007 597 1062 667 διά
1091 603 1161 667 τῶν

206 700 374 780 ἐπάλξεων
388 697 434 780 ῶς
453 701 509 769 έπδ
525 698 566 768 τά
579 705 744 787 βασίλεια,
762 695 813 766 ότι
824 699 932 788 ταύτῃ
946 697 1162 789 εὐπορωτέρα

206 805 361 890 ἐφαίνετο
380 804 414 882 ές
431 800 494 887 τὴν
511 799 609 870 πόλιν
625 799 647 888 ἡ
665 799 823 881 καθόδος.
1185 834 1198 876 ς

155 913 197 980 24
284 907 330 973 Oi
352 901 391 972 δέ
409 903 464 972 ἐπὶ
482 906 550 970 τῶν
573 903 681 990 νεῶν,
707 906 742 971 οἵ
759 926 795 970 τε
814 908 968 982 Φοίνικες
990 901 1074 972 κατά
1100 901 1161 972 τόν

205 1004 323 1092 λιμένα
346 1003 409 1072 τόν
426 1003 510 1091 πρδς
528 1002 710 1090 Αίγύπτου
720 1055 730 1090 ,
753 1002 833 1072 καθ’
860 1000 963 1093 ὅνπερ
981 1005 1038 1072 καὶ
1057 1007 1161 1092 ἐφορ-

204 1109 349 1194 μοῦντες
386 1104 572 1192 ἐτύγχανον
579 1156 590 1192 ,
625 1104 821 1193 βιασάμενοι
854 1106 912 1173 καὶ
948 1104 989 1173 τά
1020 1113 1162 1194 κλεῖθρα

205 1207 448 1288 διασπάσαντες
467 1213 609 1276 ἔκοπτον
632 1206 695 1285 τάς
710 1209 798 1286 υαύς
817 1210 854 1275 έν
870 1209 918 1297 τῷ
937 1207 1062 1294 λιμένι,
1085 1222 1161 1286 ταῖς

204 1307 268 1397 μεν
300 1306 473 1397 μετεύροις
506 1307 746 1396 ἐμβάλλοντες,
775 1305 837 1388 τάς
865 1305 904 1376 δὲ
936 1310 970 1388 ές
1001 1307 1064 1396 τὴν
1094 1310 1160 1395 γῆν
1174 1340 1200 1381 ιο

206 1409 431 1496 ἐξωθοῦντες,
454 1410 512 1477 καὶ
531 1414 568 1478 οί
582 1409 729 1497 Κύπριοι
744 1409 828 1477 κατὰ
844 1407 906 1478 τόν
923 1405 1027 1478 ἄλλον
1044 1410 1162 1496 λιμένα

204 1509 266 1580 τόν
285 1513 322 1580 ἐκ
339 1515 495 1589 Σιδῶνος
513 1511 680 1598 φέροντα,
704 1507 787 1579 οὐδὲ
804 1517 964 1600 κλεῖθρον
981 1509 1106 1579 τοῦτόν
1122 1537 1163 1598 γε

206 1617 338 1701 ἔχοντα,
356 1611 614 1691 εἰσπλεύσαντες
627 1606 720 1680 εἷλον
733 1608 839 1691 εύθύς
851 1611 959 1702 ταύτρ
977 1612 1038 1699 τὴν
1052 1611 1159 1681 πόλιν.

171 1714 243 1783 ντδ
263 1713 301 1782 δὲ
320 1717 450 1800 πλῆθος
473 1713 543 1781 τῶν
566 1719 702 1802 Τυρίων
718 1712 756 1780 τδ
774 1712 837 1799 μὲν
861 1727 987 1801 τείχος,
1012 1711 1059 1794 ῶς
1084 1713 1157 1800 έχό-

205 1841 307 1903 μενον
325 1812 437 1902 εἶδον,
456 1817 676 1884 ἐκλείπουσιν.
708 1812 947 1902 ἀθροισθέντες
965 1813 1004 1883 δὲ
1020 1815 1104 1884 κατὰ
1120 1815 1159 1883 τδ
1174 1845 1199 1886 ιε

202 1913 398 2003 Ἀγηνόριον
420 1914 631 2002 καλούμενον
650 1917 857 2005 ἐπέστρεψαν
873 1915 980 2004 ταύτῃ
1007 1917 1063 1986 έπλ
1079 1915 1161 1996 τούς

205 2015 419 2097 Μακεδόνας.
454 2018 512 2085 καὶ
531 2014 749 2107 Ἀλέξανδρος
767 2017 828 2098 ξύν
846 2031 917 2096 τοῖς
933 2014 1161 2098 ὑπασπισταῖς

207 2119 263 2187 ἐπὶ
284 2116 428 2198 τούτους
452 2117 605 2206 χωρήσας
628 2118 708 2198 τούς
731 2116 793 2206 μέν
817 2116 923 2188 αύτοῦ
950 2118 1162 2206 μαχομένους

172 2235 189 2286 ε
206 2217 398 2306 διέφθειρεν
419 2217 546 2307 αύτῶν,
563 2234 634 2297 τοῖς
652 2218 691 2288 δέ
708 2217 894 2306 φεύγουσιν
912 2222 1075 2307 ἐφείπετο.
1103 2223 1161 2289 καὶ

205 2320 313 2409 φόνος
329 2310 372 2410 ἦν
389 2319 516 2408 πολύς,
538 2323 608 2388 τῶν
625 2346 661 2389 τε
684 2318 751 2389 άπό
774 2324 836 2390 τού
855 2321 987 2410 λιμένος
1013 2321 1161 2410 ἑχόντων
1174 2353 1201 2394 ιο

205 2419 269 2512 ἤδη
282 2423 342 2511 τὴν
356 2422 454 2494 πόλιν
467 2423 525 2492 καὶ
537 2429 595 2510 τῆς
605 2430 735 2492 Κοίνου
748 2421 871 2504 τάξεως
885 2431 1161 2512 παρεληλυθυίας

206 2533 255 2604 είς
268 2524 384 2612 αύτήν.
410 2522 495 2612 ὀργῇ
509 2523 576 2612 γάρ
590 2524 741 2612 ίχάρονν
756 2526 812 2594 ἐπὶ
825 2528 893 2593 πάν
907 2530 943 2594 οί
949 2525 1160 2613 Μακεδόνες,

205 2630 263 2713 τῆς
276 2652 313 2695 τε
330 2632 524 2713 πολιορκίας
536 2628 577 2713 τῇ
592 2630 688 2713 τριβῇ
704 2624 886 2712 άχθόμενοι
898 2627 956 2696 καὶ
969 2623 1020 2695 ὅτι
1033 2627 1160 2715 λαβόν-

205 2752 260 2806 τες
285 2726 380 2806 τινάς
405 2725 520 2795 αὐτῶν
550 2730 587 2793 οί
614 2725 729 2813 Τύριοι
752 2726 916 2806 πλέοντας
945 2729 982 2796 έκ
1007 2732 1161 2808 Σιδῶνος

207 2829 265 2898 ἐπὶ
281 2827 320 2896 τό
338 2843 446 2914 τεῖχος
459 2825 736 2914 ἀναβιβάσαντες,
754 2824 845 2907 ὅπως
858 2827 1010 2898 άποπτον
1027 2839 1078 2916 είη
1092 2829 1159 2897 άπό
1173 2859 1199 2900 ιε

205 2932 267 2998 τοῦ
286 2927 537 3018 στρατοπέδου,
561 2927 747 3016 σφάξαντες
773 2935 912 3016 ἔρριψαν
936 2937 985 3008 είς
1007 2929 1068 3016 τὴν
1091 2929 1160 2998 θά-

172 3045 190 3096 4
207 3038 345 3100 λασσαν.
373 3029 548 3100 άπέθανον
561 3029 600 3099 δὲ
612 3035 681 3101 τῶν
694 3029 757 3119 μὲν
776 3038 911 3119 Τυρίων
926 3033 959 3109 ἐς
973 3027 1161 3117 όκτακισχιέ

206 3139 318 3210 λίους·
350 3137 419 3200 τῶν
444 3131 656 3202 Μακεδόνων
685 3133 724 3203 δέ
754 3135 792 3203 έν
816 3137 858 3223 τῇ
889 3131 964 3202 τότε
986 3135 1160 3222 προσβολῇ

203 3231 366 3320 Ἄδμητός
382 3259 430 3322 τε,
448 3232 466 3302 ό
485 3236 616 3321 πρῶτος
635 3233 721 3303 ἑλῶν
738 3235 777 3304 τδ
793 3251 914 3324 τεῖχος,
932 3232 1018 3322 άνὴρ
1032 3232 1160 3321 άγαθδς

205 3334 403 3423 γενόμενος,
426 3336 484 3404 καὶ
508 3333 570 3416 ξύν
594 3333 686 3426 αύτῷ
712 3344 816 3404 είκοσι
837 3339 906 3406 τῶν
923 3336 1159 3405 ὑπασπιστῶν·
1174 3365 1199 3406 ιο

206 3439 245 3507 έν
269 3435 309 3505 δὲ
324 3440 366 3525 τῇ
385 3435 477 3526 πάσῃ
501 3443 677 3526 πολιορκίᾳ
694 3435 836 3523 μάλιστα
861 3439 894 3516 ές
914 3445 1159 3527 τετρακοσίους.

172 3550 190 3602 σ
287 3546 365 3618 Τοῖς
383 3537 422 3608 δὲ
437 3541 470 3619 ἐς
487 3536 525 3608 τδ
546 3537 636 3628 ἱερὸν
649 3540 710 3606 τού
726 3536 929 3628 Ἡρακλέους
940 3544 1160 3626 καταφυγοῦ-
