2678 3950
486 239 671 294 Αιιιιωνιε
689 244 715 307 ι,
735 245 774 297 ιε,
1046 239 1103 304 221

117 419 121 432 “
151 399 260 486 πάντη
293 399 449 488 παρέχειν
480 411 550 478 τοῖς
583 393 669 486 ἄμφ’
694 396 913 487 Ἀλέξανδρον
940 402 1109 468 ἱππεῦσιν.

151 500 260 581 άλλως
286 526 321 568 τε
347 497 429 567 οὐδὲ
454 497 549 585 ἠξίου
577 501 610 578 ἐς
635 497 676 567 τά
704 503 917 568 διαλείποντα
942 505 1011 568 τῶν
1037 502 1143 569 ἐλε-ιι

151 598 290 690 φάντων
306 605 468 687 τολμήσαι
494 597 536 668 άν
561 627 635 668 τινα
662 599 815 668 ὤσασθαι
839 603 910 668 τῶν
928 605 1110 688 πολεμίων,

151 699 230 772 ούτε
257 700 320 783 ξύν
339 706 453 780 ἵπποις
471 700 525 768 διά
543 698 603 769 τόν
628 701 736 788 φόβον
753 706 822 769 τῶν
840 705 966 787 ἳππων,
994 701 1112 784 πεζούς

4 843 9 866 .
124 830 186 872 ιτε
212 807 259 870 ἔτι
284 817 396 890 μεῖον·
447 801 530 870 κατά
558 800 663 890 στόμα
689 829 725 870 τε
749 800 816 890 γάρ
850 798 894 870 ἂν
927 799 1011 891 πρός
1042 807 1112 870 τάν

151 903 298 986 ὁπλιτῶν
334 902 616 992 προσβαλλόντων
642 913 814 990 εἴργεσθαι
838 903 896 970 καὶ
921 928 1112 989 καταπατη-

150 1005 319 1092 θήσεσθαι
333 1003 603 1092 ἐπιστρεψάντων
617 1002 669 1071 ἐπ’
685 1003 811 1084 αύτούς
824 1009 895 1074 τῶν
909 1003 1111 1092 ἐλεφάντων.

152 1106 208 1174 ἐπὶ
233 1105 363 1184 τούτοις
390 1104 429 1173 δὲ
455 1109 490 1172 οί
513 1105 603 1187 πεζοὶ
630 1101 724 1196 αύτῷ
743 1104 928 1192 ἐτετάχατο,
955 1091 1018 1174 ούκ
1037 1115 1145 1174 ίσονι

151 1206 189 1276 τό
206 1208 361 1294 μέτωπον
378 1220 449 1285 τοῖς
466 1212 598 1294 θηρίοις
617 1206 802 1292 ἐπέχοντες,
820 1203 897 1273 ἀλλ’
917 1209 953 1274 ἐν
967 1207 1113 1298 θευτέρφ

116 1336 141 1376 ιο
153 1307 296 1399 μετώπῳ
322 1308 403 1394 μετὰ
429 1305 508 1386 τούς
536 1309 738 1395 ἐλέφαντας,
765 1306 846 1376 ὅσον
874 1309 907 1386 ἐς
922 1304 965 1374 τά
985 1312 1113 1376 διαλεί-

153 1433 259 1478 ποντα
279 1406 333 1476 ἐπ’
354 1405 470 1492 ὀλίγον
488 1410 714 1496 ἐμβεβλῆσθαι
745 1409 826 1488 τούς
852 1407 982 1495 λόγους.
1026 1399 1114 1494 ἦσαν

154 1509 192 1578 δέ
210 1507 303 1599 αύτῷ
322 1511 379 1576 καὶ
398 1508 539 1576 κατὰτὰ
557 1509 679 1596 κέρατα
699 1515 746 1577 ἔτι
762 1508 851 1597 ύπὲρ
869 1508 950 1588 τούς
968 1510 1114 1595 ἐλέφαν-

153 1637 213 1689 τας
239 1610 328 1692 πεζοὶ
355 1609 589 1697 ἐφεστηκότες,
617 1610 823 1698 ἑκατέρωθεν
849 1608 888 1678 δέ
913 1613 982 1678 των
1008 1615 1114 1692 πεζῶν

153 1710 174 1797 ή
202 1715 304 1789 ἵππος
331 1707 425 1801 αύτῷ
453 1711 605 1780 ἐτέτακτο
628 1711 685 1779 καὶ
702 1711 767 1799 πρὸ
785 1710 909 1798 ταύτης
925 1709 967 1778 τά
984 1706 1115 1798 ἅρματα

118 1839 143 1880 ιι
159 1813 378 1898 ἑκατέρωθεν.

231 1911 328 1997 Αύτη
354 1911 416 1998 μὲν
441 1909 462 1998 ή
490 1910 615 2000 Πάρου
641 1911 730 1993 τάξις
747 1904 801 1998 ήν.
841 1910 1056 1999 Ἀλέξανδρος
1075 1909 1114 1980 δέ
1126 1919 1164 1982 16

155 2010 201 2092 ύς
226 2011 293 2100 ήδη
311 2011 469 2100 καθεύρα
486 2014 564 2092 τοὺς
581 2010 711 2092 Ἰνδούς
730 2013 1007 2100 ἐκτασσομένους,
1035 2013 1115 2081 ἐπέ-

155 2134 256 2200 στησε
281 2115 360 2193 τούς
387 2114 508 2194 ίππέας
533 2117 595 2182 τοῦ
627 2113 761 2201 πρόσω,
795 2110 841 2196 ὡς
867 2109 1116 2201 ἀναλαμβάνειν

155 2220 224 2282 τῶν
259 2220 366 2296 πεζῶν
398 2215 478 2295 τούς
511 2213 564 2283 ἀεὶ
589 2214 832 2302 προσάγοντας.
877 2214 923 2294 (ἐς
950 2214 988 2282 δὲ
1013 2214 1069 2282 καὶ
1094 2212 1115 2300 ή

118 2346 144 2384 ιο
157 2315 287 2403 φάλαγξ
314 2313 406 2383 αύτο
435 2315 549 2407 δρόμῳ
567 2315 748 2397 συνάψασα
765 2314 852 2402 ὁμοῦ
878 2314 942 2402 ήδη
959 2307 1014 2402 ήν,
1041 2313 1117 2382 ὁβέ
1149 2309 1154 2326 ’

158 2413 222 2485 ούκ
246 2413 353 2494 εύθύς
380 2416 517 2498 ἐκτάξας
545 2420 680 2503 ἐπήγεν,
708 2415 753 2495 τός
780 2415 825 2502 μή
852 2413 1064 2504 καματηρούς
1080 2440 1117 2484 τε

158 2517 214 2584 καὶ
241 2520 490 2597 πνευστιῶντας
517 2515 638 2604 άκμήσι
665 2520 878 2603 παραδοῦναι
893 2530 962 2596 τοῖς
986 2507 1135 2604 βαρβά·’

158 2644 242 2706 ροις,
270 2611 355 2684 άλλά
383 2619 416 2696 ἐς
442 2616 588 2698 κύκλους
613 2616 835 2706 παριππεύων
861 2615 1010 2686 άνέπαυε
1035 2616 1117 2696 τούς

158 2714 277 2800 πεζούς
304 2723 376 2786 ἕστε
402 2723 603 2804 καταστῆναι
619 2716 736 2798 αὐτοῖς
761 2719 823 2787 τόν
848 2719 972 2805 θυμόν.
1013 2716 1059 2798 οἱς
1079 2717 1150 2796 ὃές

120 2846 146 2888 τι
159 2819 221 2905 τήν
237 2818 331 2898 τάξιν
348 2825 481 2888 κατεῖσε
497 2821 567 2887 τῶν
580 2817 711 2908 Ἰνδόν,
736 2819 819 2888 κατὰ
837 2821 941 2906 μέσον
958 2821 1033 2907 μέν,
1059 2825 1117 2888 ’ίνα

160 2923 195 2988 οί
225 2922 403 3007 ἐλέφαντες
435 2920 678 3008 προεβέβληντο
704 2922 760 2989 καὶ
787 2920 899 3007 πυκνή
930 2918 952 3008 ή
986 2919 1117 3008 φάλαγξ

159 3019 308 3089 κατὰτὰ
335 3025 550 3090 διαλείποντα
576 3019 690 3090 αύτύν
710 3022 917 3110 ἐπετέτακτο,
945 3013 1013 3091 ούιί
1031 3027 1117 3108 ἐγνω

160 3120 333 3210 προάγειν,
360 3119 447 3190 αύτοὶ
475 3124 585 3191 ἐκεῖνα
611 3119 756 3209 ὀκνήσας
783 3120 867 3210 άπερ
885 3120 903 3190 ό
923 3128 1043 3210 Πάρος
1069 3128 1117 3214 τῷ

162 3225 307 3313 λογισμῷ
335 3223 471 3303 ξυνθεὶς
497 3222 604 3311 ταύτη
632 3225 760 3304 ἔταξεν·
801 3222 886 3292 άλλά
912 3224 1016 3303 αύτὸς
1042 3225 1116 3310 μέν,

122 3351 149 3392 ιο
161 3322 220 3391 άτε
246 3327 473 3411 ἱπποκρατῶν,
499 3324 561 3412 τήν
572 3375 575 3382 .
587 3323 716 3410 πολλὴν
734 3328 793 3410 τής
810 3329 916 3394 ἵππου
936 3323 1117 3412 άναλαβύν

163 3425 217 3493 ἐπὶ
243 3423 281 3490 τό
302 3421 480 3511 εύύνυμον
497 3427 596 3510 κέρας
613 3429 681 3493 τῶν
703 3431 872 3512 πολεμίων
889 3424 1116 3512 παρήλαυνεν,

163 3522 208 3604 ύς
234 3522 341 3613 ταύτη
361 3524 611 3613 ἐπιθησόμενος.
650 3534 776 3596 Κοῖνον
802 3525 841 3594 δὲ
858 3526 978 3614 πέμπει
997 3526 1042 3604 ως
1061 3525 1116 3593 ἐπὶ
1133 3557 1149 3606 3
