<?xml version="1.0" encoding="UTF-8"?>
<!DOCTYPE html PUBLIC "-//W3C//DTD XHTML 1.0 Transitional//EN"
    "http://www.w3.org/TR/xhtml1/DTD/xhtml1-transitional.dtd">
<html xmlns="http://www.w3.org/1999/xhtml" xml:lang="en" lang="en">
 <head>
  <title>
</title>
<meta http-equiv="Content-Type" content="text/html;charset=utf-8" />
  <meta name='ocr-system' content='tesseract 3.04.00' />
  <meta name='ocr-capabilities' content='ocr_page ocr_carea ocr_par ocr_line ocrx_word'/>
</head>
<body>
  <div class='ocr_page' id='page_1' title='image "./arrianianabasis00abicgoog_0329.png"; bbox 0 0 2590 3948; ppageno 0'>
   <div class='ocr_carea' id='block_1_1' title="bbox 212 259 817 326">
    <p class='ocr_par' dir='ltr' id='par_1_1' title="bbox 212 259 817 326">
     <span class='ocr_line' id='line_1_1' title="bbox 212 259 817 326; baseline 0.002 -14"><span class='ocrx_word' id='word_1_1' title='bbox 212 259 276 326; x_wconf 78' lang='lat'><strong><em>298</em></strong></span> <span class='ocrx_word' id='word_1_2' title='bbox 565 261 817 318; x_wconf 69' lang='grc' dir='ltr'><strong><em>εειτεετιεοοτ</em></strong></span> 
     </span>
    </p>
   </div>
   <div class='ocr_carea' id='block_1_2' title="bbox 176 417 1219 3648">
    <p class='ocr_par' dir='ltr' id='par_1_2' title="bbox 211 417 1177 510">
     <span class='ocr_line' id='line_1_2' title="bbox 211 417 1177 510; baseline -0.001 -22"><span class='ocrx_word' id='word_1_3' title='bbox 211 419 373 510; x_wconf 80' lang='grc' dir='ltr'><strong><em>παρέπλει</em></strong></span> <span class='ocrx_word' id='word_1_4' title='bbox 390 418 457 488; x_wconf 78' lang='grc' dir='ltr'><strong><em>άπὸ</em></strong></span> <span class='ocrx_word' id='word_1_5' title='bbox 482 423 543 488; x_wconf 86' lang='grc' dir='ltr'><strong><em>τοῦ</em></strong></span> <span class='ocrx_word' id='word_1_6' title='bbox 563 419 717 490; x_wconf 84' lang='grc' dir='ltr'><strong><em>Εὐλαίου</em></strong></span> <span class='ocrx_word' id='word_1_7' title='bbox 743 424 896 508; x_wconf 79' lang='grc' dir='ltr'><strong><em>ποταμοῦ</em></strong></span> <span class='ocrx_word' id='word_1_8' title='bbox 922 417 1006 488; x_wconf 82' lang='grc' dir='ltr'><strong><em>κατά</em></strong></span> <span class='ocrx_word' id='word_1_9' title='bbox 1022 418 1084 506; x_wconf 79' lang='grc' dir='ltr'><strong><em>τὴν</em></strong></span> <span class='ocrx_word' id='word_1_10' title='bbox 1100 417 1177 488; x_wconf 75' lang='grc' dir='ltr'><strong><em>δά·</em></strong></span> 
     </span>
    </p>

    <p class='ocr_par' dir='ltr' id='par_1_3' title="bbox 211 518 1181 611">
     <span class='ocr_line' id='line_1_3' title="bbox 211 518 1181 611; baseline -0.001 -22"><span class='ocrx_word' id='word_1_11' title='bbox 211 530 341 590; x_wconf 92' lang='grc' dir='ltr'><strong><em>λασσαν</em></strong></span> <span class='ocrx_word' id='word_1_12' title='bbox 367 520 414 601; x_wconf 83' lang='grc' dir='ltr'><strong><em>ῶς</em></strong></span> <span class='ocrx_word' id='word_1_13' title='bbox 442 521 497 591; x_wconf 75' lang='grc' dir='ltr'><strong><em>ἐπὶ</em></strong></span> <span class='ocrx_word' id='word_1_14' title='bbox 521 519 581 601; x_wconf 86' lang='grc' dir='ltr'><strong><em>τάς</em></strong></span> <span class='ocrx_word' id='word_1_15' title='bbox 609 520 750 610; x_wconf 78' lang='grc' dir='ltr'><strong><em>ἐκβολάς</em></strong></span> <span class='ocrx_word' id='word_1_16' title='bbox 774 524 836 590; x_wconf 88' lang='grc' dir='ltr'><strong><em>τοῦ</em></strong></span> <span class='ocrx_word' id='word_1_17' title='bbox 868 527 1044 611; x_wconf 77' lang='grc' dir='ltr'><em>Τίγρητος·</em></span> <span class='ocrx_word' id='word_1_18' title='bbox 1070 525 1112 588; x_wconf 88' lang='grc' dir='ltr'><strong><em>αί</em></strong></span> <span class='ocrx_word' id='word_1_19' title='bbox 1136 518 1181 589; x_wconf 67' lang='grc' dir='ltr'><strong><em>δὲ</em></strong></span> 
     </span>
    </p>

    <p class='ocr_par' dir='ltr' id='par_1_4' title="bbox 211 619 1180 713">
     <span class='ocr_line' id='line_1_4' title="bbox 211 619 1180 713; baseline 0 -23"><span class='ocrx_word' id='word_1_20' title='bbox 211 621 310 690; x_wconf 85' lang='grc' dir='ltr'><strong><em>ἄλλαι</em></strong></span> <span class='ocrx_word' id='word_1_21' title='bbox 334 619 429 713; x_wconf 71' lang='grc' dir='ltr'><strong><em>αὐτῷ</em></strong></span> <span class='ocrx_word' id='word_1_22' title='bbox 452 625 530 708; x_wconf 80' lang='grc' dir='ltr'><strong><em>νῆες</em></strong></span> <span class='ocrx_word' id='word_1_23' title='bbox 547 621 823 710; x_wconf 73' lang='grc' dir='ltr'><strong><em>ἀνακομισθεῖσαι</em></strong></span> <span class='ocrx_word' id='word_1_24' title='bbox 848 620 1003 692; x_wconf 81' lang='grc' dir='ltr'><strong><em>κατάτὸν</em></strong></span> <span class='ocrx_word' id='word_1_25' title='bbox 1020 619 1180 692; x_wconf 77' lang='grc' dir='ltr'><strong><em>Εὐλαίου</em></strong></span> 
     </span>
    </p>

    <p class='ocr_par' dir='ltr' id='par_1_5' title="bbox 213 721 1179 812">
     <span class='ocr_line' id='line_1_5' title="bbox 213 721 1179 812; baseline -0.001 -20"><span class='ocrx_word' id='word_1_26' title='bbox 213 729 286 792; x_wconf 80' lang='grc' dir='ltr'><strong><em>ἔστε</em></strong></span> <span class='ocrx_word' id='word_1_27' title='bbox 313 723 368 793; x_wconf 73' lang='grc' dir='ltr'><strong><em>ἐπὶ</em></strong></span> <span class='ocrx_word' id='word_1_28' title='bbox 393 723 456 809; x_wconf 78' lang='grc' dir='ltr'><strong><em>τὴν</em></strong></span> <span class='ocrx_word' id='word_1_29' title='bbox 473 723 623 812; x_wconf 83' lang='grc' dir='ltr'><strong><em>διῶρυχα</em></strong></span> <span class='ocrx_word' id='word_1_30' title='bbox 648 721 844 812; x_wconf 78' lang='grc' dir='ltr'><strong><em>ἢτέιμηται</em></strong></span> <span class='ocrx_word' id='word_1_31' title='bbox 870 726 907 793; x_wconf 80' lang='grc' dir='ltr'><strong><em>ἐκ</em></strong></span> <span class='ocrx_word' id='word_1_32' title='bbox 922 726 986 793; x_wconf 82' lang='grc' dir='ltr'><strong><em>τοῦ</em></strong></span> <span class='ocrx_word' id='word_1_33' title='bbox 1009 729 1179 812; x_wconf 74' lang='grc' dir='ltr'><strong><em>Τίγρητος</em></strong></span> 
     </span>
    </p>

    <p class='ocr_par' dir='ltr' id='par_1_6' title="bbox 212 821 1207 1014">
     <span class='ocr_line' id='line_1_6' title="bbox 212 821 1207 915; baseline 0 -23"><span class='ocrx_word' id='word_1_34' title='bbox 212 826 247 904; x_wconf 83' lang='grc' dir='ltr'><strong><em>ἐς</em></strong></span> <span class='ocrx_word' id='word_1_35' title='bbox 284 823 345 893; x_wconf 80' lang='grc' dir='ltr'><strong><em>τὸν</em></strong></span> <span class='ocrx_word' id='word_1_36' title='bbox 383 821 554 914; x_wconf 78' lang='grc' dir='ltr'><strong><em>Εὐλαῖον,</em></strong></span> <span class='ocrx_word' id='word_1_37' title='bbox 593 825 700 915; x_wconf 84' lang='grc' dir='ltr'><strong><em>ταύτη</em></strong></span> <span class='ocrx_word' id='word_1_38' title='bbox 740 832 1003 913; x_wconf 73' lang='grc' dir='ltr'><strong><em>διεκομίσθησαν</em></strong></span> <span class='ocrx_word' id='word_1_39' title='bbox 1038 827 1072 904; x_wconf 89' lang='grc' dir='ltr'><strong><em>ἐς</em></strong></span> <span class='ocrx_word' id='word_1_40' title='bbox 1112 824 1207 893; x_wconf 83' lang='grc' dir='ltr'><strong><em>τύνε</em></strong></span> 
     </span>
     <span class='ocr_line' id='line_1_7' title="bbox 217 933 373 1014; baseline -0.013 -19"><span class='ocrx_word' id='word_1_41' title='bbox 217 933 373 1014; x_wconf 80' lang='grc' dir='ltr'><strong><em>Τίγρητα.</em></strong></span> 
     </span>
    </p>

    <p class='ocr_par' dir='ltr' id='par_1_7' title="bbox 176 1023 1216 1926">
     <span class='ocr_line' id='line_1_8' title="bbox 176 1023 1179 1116; baseline -0.002 -20"><span class='ocrx_word' id='word_1_42' title='bbox 176 1039 194 1089; x_wconf 79' lang='lat'>⁸</span> <span class='ocrx_word' id='word_1_43' title='bbox 293 1029 370 1096; x_wconf 92' lang='grc' dir='ltr'><strong><em>Τῶν</em></strong></span> <span class='ocrx_word' id='word_1_44' title='bbox 400 1023 468 1116; x_wconf 82' lang='grc' dir='ltr'><strong><em>γάρ</em></strong></span> <span class='ocrx_word' id='word_1_45' title='bbox 499 1027 542 1115; x_wconf 83' lang='grc' dir='ltr'><strong><em>δὴ</em></strong></span> <span class='ocrx_word' id='word_1_46' title='bbox 567 1031 726 1115; x_wconf 86' lang='grc' dir='ltr'><strong><em>ποταμῶν</em></strong></span> <span class='ocrx_word' id='word_1_47' title='bbox 750 1034 814 1097; x_wconf 85' lang='grc' dir='ltr'><strong><em>τοῦ</em></strong></span> <span class='ocrx_word' id='word_1_48' title='bbox 839 1053 877 1097; x_wconf 86' lang='grc' dir='ltr'><strong><em>τε</em></strong></span> <span class='ocrx_word' id='word_1_49' title='bbox 902 1025 1088 1115; x_wconf 75' lang='grc' dir='ltr'><strong><em>Εὐφράτου</em></strong></span> <span class='ocrx_word' id='word_1_50' title='bbox 1116 1027 1179 1094; x_wconf 81' lang='grc' dir='ltr'><strong><em>καλ</em></strong></span> 
     </span>
     <span class='ocr_line' id='line_1_9' title="bbox 210 1125 1178 1218; baseline 0.003 -26"><span class='ocrx_word' id='word_1_51' title='bbox 210 1128 272 1195; x_wconf 89' lang='grc' dir='ltr'><strong><em>τοῦ</em></strong></span> <span class='ocrx_word' id='word_1_52' title='bbox 296 1135 468 1217; x_wconf 81' lang='grc' dir='ltr'><strong><em>Τίγρητος,</em></strong></span> <span class='ocrx_word' id='word_1_53' title='bbox 495 1135 532 1198; x_wconf 81' lang='grc' dir='ltr'><strong><em>οἳ</em></strong></span> <span class='ocrx_word' id='word_1_54' title='bbox 552 1128 614 1216; x_wconf 78' lang='grc' dir='ltr'><strong><em>τὴν</em></strong></span> <span class='ocrx_word' id='word_1_55' title='bbox 640 1131 744 1218; x_wconf 85' lang='grc' dir='ltr'><strong><em>μέσην</em></strong></span> <span class='ocrx_word' id='word_1_56' title='bbox 770 1133 869 1218; x_wconf 90' lang='grc' dir='ltr'><strong><em>σφῶν</em></strong></span> <span class='ocrx_word' id='word_1_57' title='bbox 892 1137 1028 1218; x_wconf 75' lang='grc' dir='ltr'><strong><em>Συρίαν</em></strong></span> <span class='ocrx_word' id='word_1_58' title='bbox 1053 1125 1178 1214; x_wconf 87' lang='grc' dir='ltr'><strong><em>άπείρ-</em></strong></span> 
     </span>
     <span class='ocr_line' id='line_1_10' title="bbox 210 1227 1177 1318; baseline -0.002 -20"><span class='ocrx_word' id='word_1_59' title='bbox 210 1250 344 1316; x_wconf 90' lang='grc' dir='ltr'><strong><em>γονσιν,</em></strong></span> <span class='ocrx_word' id='word_1_60' title='bbox 369 1227 453 1299; x_wconf 76' lang='grc' dir='ltr'><strong><em>ὅθεν</em></strong></span> <span class='ocrx_word' id='word_1_61' title='bbox 477 1232 535 1298; x_wconf 80' lang='grc' dir='ltr'><strong><em>καὶ</em></strong></span> <span class='ocrx_word' id='word_1_62' title='bbox 560 1230 600 1298; x_wconf 82' lang='grc' dir='ltr'><strong><em>τὸ</em></strong></span> <span class='ocrx_word' id='word_1_63' title='bbox 618 1227 724 1318; x_wconf 84' lang='grc' dir='ltr'><strong><em>ὄνομα</em></strong></span> <span class='ocrx_word' id='word_1_64' title='bbox 742 1237 984 1318; x_wconf 66' lang='grc' dir='ltr'><strong><em>Μεσοποταμία</em></strong></span> <span class='ocrx_word' id='word_1_65' title='bbox 1002 1227 1086 1317; x_wconf 81' lang='grc' dir='ltr'><strong><em>πρὸς</em></strong></span> <span class='ocrx_word' id='word_1_66' title='bbox 1103 1231 1177 1296; x_wconf 87' lang='grc' dir='ltr'><strong><em>τῶν</em></strong></span> 
     </span>
     <span class='ocr_line' id='line_1_11' title="bbox 212 1328 1216 1420; baseline 0.002 -23"><span class='ocrx_word' id='word_1_67' title='bbox 212 1332 399 1419; x_wconf 84' lang='grc' dir='ltr'><strong><em>ἐπιχωρίων</em></strong></span> <span class='ocrx_word' id='word_1_68' title='bbox 415 1337 588 1419; x_wconf 74' lang='grc' dir='ltr'><strong><em>κληίζεται,</em></strong></span> <span class='ocrx_word' id='word_1_69' title='bbox 607 1330 626 1399; x_wconf 89' lang='grc' dir='ltr'>ὁ</span> <span class='ocrx_word' id='word_1_70' title='bbox 644 1330 708 1418; x_wconf 72' lang='grc' dir='ltr'><strong><em>μὲν</em></strong></span> <span class='ocrx_word' id='word_1_71' title='bbox 727 1340 851 1420; x_wconf 86' lang='grc' dir='ltr'><strong><em>Τίγρης</em></strong></span> <span class='ocrx_word' id='word_1_72' title='bbox 867 1330 957 1400; x_wconf 85' lang='grc' dir='ltr'><strong><em>κολύ</em></strong></span> <span class='ocrx_word' id='word_1_73' title='bbox 973 1357 1005 1398; x_wconf 88' lang='grc' dir='ltr'><strong><em>τι</em></strong></span> <span class='ocrx_word' id='word_1_74' title='bbox 1016 1328 1177 1399; x_wconf 82' lang='grc' dir='ltr'><strong><em>ταπεινό-</em></strong></span> <span class='ocrx_word' id='word_1_75' title='bbox 1191 1361 1216 1399; x_wconf 85' lang='grc' dir='ltr'><strong><em>ιι</em></strong></span> 
     </span>
     <span class='ocr_line' id='line_1_12' title="bbox 210 1429 1178 1521; baseline -0.001 -22"><span class='ocrx_word' id='word_1_76' title='bbox 210 1457 304 1519; x_wconf 90' lang='grc' dir='ltr'><strong><em>τερος</em></strong></span> <span class='ocrx_word' id='word_1_77' title='bbox 330 1432 419 1521; x_wconf 76' lang='grc' dir='ltr'><strong><em>ῥέειν</em></strong></span> <span class='ocrx_word' id='word_1_78' title='bbox 444 1438 508 1501; x_wconf 87' lang='grc' dir='ltr'><strong><em>τοῦ</em></strong></span> <span class='ocrx_word' id='word_1_79' title='bbox 527 1429 712 1520; x_wconf 89' lang='grc' dir='ltr'><strong><em>Εὐφράτου</em></strong></span> <span class='ocrx_word' id='word_1_80' title='bbox 730 1432 901 1521; x_wconf 85' lang='grc' dir='ltr'><strong><em>διῶρυχάς</em></strong></span> <span class='ocrx_word' id='word_1_81' title='bbox 925 1459 962 1501; x_wconf 87' lang='grc' dir='ltr'><strong><em>τε</em></strong></span> <span class='ocrx_word' id='word_1_82' title='bbox 984 1433 1110 1510; x_wconf 79' lang='grc' dir='ltr'><strong><em>πολλὰς</em></strong></span> <span class='ocrx_word' id='word_1_83' title='bbox 1138 1433 1178 1499; x_wconf 83' lang='grc' dir='ltr'><strong><em>ἐκ</em></strong></span> 
     </span>
     <span class='ocr_line' id='line_1_13' title="bbox 210 1531 1178 1622; baseline -0.001 -22"><span class='ocrx_word' id='word_1_84' title='bbox 210 1538 273 1601; x_wconf 83' lang='grc' dir='ltr'><strong><em>τοῦ</em></strong></span> <span class='ocrx_word' id='word_1_85' title='bbox 288 1532 475 1622; x_wconf 75' lang='grc' dir='ltr'><strong><em>Εὐφράτου</em></strong></span> <span class='ocrx_word' id='word_1_86' title='bbox 495 1536 529 1613; x_wconf 88' lang='grc' dir='ltr'><strong><em>ἐς</em></strong></span> <span class='ocrx_word' id='word_1_87' title='bbox 545 1532 654 1602; x_wconf 81' lang='grc' dir='ltr'><strong><em>αὐτὸν</em></strong></span> <span class='ocrx_word' id='word_1_88' title='bbox 671 1536 801 1620; x_wconf 83' lang='grc' dir='ltr'><strong><em>δέχεται</em></strong></span> <span class='ocrx_word' id='word_1_89' title='bbox 813 1536 871 1602; x_wconf 81' lang='grc' dir='ltr'><strong><em>καὶ</em></strong></span> <span class='ocrx_word' id='word_1_90' title='bbox 884 1531 1035 1613; x_wconf 80' lang='grc' dir='ltr'><strong><em>πολλοῦς</em></strong></span> <span class='ocrx_word' id='word_1_91' title='bbox 1047 1531 1178 1612; x_wconf 78' lang='grc' dir='ltr'><strong><em>ἄλλους</em></strong></span> 
     </span>
     <span class='ocr_line' id='line_1_14' title="bbox 211 1632 1178 1723; baseline -0.001 -21"><span class='ocrx_word' id='word_1_92' title='bbox 211 1634 383 1722; x_wconf 87' lang='grc' dir='ltr'><strong><em>ποταμούς</em></strong></span> <span class='ocrx_word' id='word_1_93' title='bbox 397 1634 602 1723; x_wconf 79' lang='grc' dir='ltr'><strong><em>παραλαβῶν</em></strong></span> <span class='ocrx_word' id='word_1_94' title='bbox 615 1635 671 1703; x_wconf 75' lang='grc' dir='ltr'><strong><em>καί</em></strong></span> <span class='ocrx_word' id='word_1_95' title='bbox 681 1637 714 1716; x_wconf 83' lang='grc' dir='ltr'><strong><em>ἐξ</em></strong></span> <span class='ocrx_word' id='word_1_96' title='bbox 725 1633 840 1705; x_wconf 91' lang='grc' dir='ltr'><strong><em>αὐτῶν</em></strong></span> <span class='ocrx_word' id='word_1_97' title='bbox 850 1632 1011 1723; x_wconf 75' lang='grc' dir='ltr'><strong><em>αὐξηθεὶς</em></strong></span> <span class='ocrx_word' id='word_1_98' title='bbox 1021 1633 1178 1719; x_wconf 76' lang='grc' dir='ltr'><strong><em>ἐσβάλλει</em></strong></span> 
     </span>
     <span class='ocr_line' id='line_1_15' title="bbox 212 1732 1178 1824; baseline 0 -20"><span class='ocrx_word' id='word_1_99' title='bbox 212 1737 246 1815; x_wconf 87' lang='grc' dir='ltr'><strong><em>ἐς</em></strong></span> <span class='ocrx_word' id='word_1_100' title='bbox 268 1735 330 1805; x_wconf 87' lang='grc' dir='ltr'><strong><em>τύν</em></strong></span> <span class='ocrx_word' id='word_1_101' title='bbox 347 1735 474 1804; x_wconf 85' lang='grc' dir='ltr'><strong><em>πόντον</em></strong></span> <span class='ocrx_word' id='word_1_102' title='bbox 490 1734 551 1804; x_wconf 86' lang='grc' dir='ltr'><strong><em>τύν</em></strong></span> <span class='ocrx_word' id='word_1_103' title='bbox 569 1737 749 1824; x_wconf 87' lang='grc' dir='ltr'><strong><em>Περσικόν,</em></strong></span> <span class='ocrx_word' id='word_1_104' title='bbox 774 1738 878 1824; x_wconf 89' lang='grc' dir='ltr'><strong><em>με’γας</em></strong></span> <span class='ocrx_word' id='word_1_105' title='bbox 895 1736 1003 1805; x_wconf 80' lang='grc' dir='ltr'><strong><em>τεκαὶ</em></strong></span> <span class='ocrx_word' id='word_1_106' title='bbox 1021 1732 1178 1822; x_wconf 77' lang='grc' dir='ltr'><strong><em>οὐδαμοῦ</em></strong></span> 
     </span>
     <span class='ocr_line' id='line_1_16' title="bbox 211 1833 1215 1926; baseline 0.001 -22"><span class='ocrx_word' id='word_1_107' title='bbox 211 1835 367 1925; x_wconf 83' lang='grc' dir='ltr'><strong><em>διαβατὸς</em></strong></span> <span class='ocrx_word' id='word_1_108' title='bbox 392 1842 465 1905; x_wconf 85' lang='grc' dir='ltr'><strong><em>ἐστε</em></strong></span> <span class='ocrx_word' id='word_1_109' title='bbox 485 1837 540 1904; x_wconf 80' lang='grc' dir='ltr'><strong><em>ἐπὶ</em></strong></span> <span class='ocrx_word' id='word_1_110' title='bbox 556 1833 619 1924; x_wconf 79' lang='grc' dir='ltr'><strong><em>τὴν</em></strong></span> <span class='ocrx_word' id='word_1_111' title='bbox 639 1841 792 1926; x_wconf 78' lang='grc' dir='ltr'><strong><em>ἐκβολήν,</em></strong></span> <span class='ocrx_word' id='word_1_112' title='bbox 816 1837 937 1906; x_wconf 77' lang='grc' dir='ltr'><strong><em>καθότι</em></strong></span> <span class='ocrx_word' id='word_1_113' title='bbox 960 1834 1001 1906; x_wconf 91' lang='grc' dir='ltr'><strong><em>οὐ</em></strong></span> <span class='ocrx_word' id='word_1_114' title='bbox 1025 1863 1177 1905; x_wconf 87' lang='grc' dir='ltr'><strong><em>κατανα-</em></strong></span> <span class='ocrx_word' id='word_1_115' title='bbox 1191 1865 1215 1905; x_wconf 80' lang='grc' dir='ltr'><strong><em>ιε</em></strong></span> 
     </span>
    </p>

    <p class='ocr_par' dir='ltr' id='par_1_8' title="bbox 177 1934 1178 2330">
     <span class='ocr_line' id='line_1_17' title="bbox 177 1934 1176 2027; baseline 0 -23"><span class='ocrx_word' id='word_1_116' title='bbox 177 1942 359 2007; x_wconf 80' lang='grc' dir='ltr'><strong><em>4λίσκεται</em></strong></span> <span class='ocrx_word' id='word_1_117' title='bbox 396 1934 504 2006; x_wconf 85' lang='grc' dir='ltr'><strong><em>αὐτοῦ</em></strong></span> <span class='ocrx_word' id='word_1_118' title='bbox 541 1938 645 2008; x_wconf 77' lang='grc' dir='ltr'><strong><em>οὐδὲν</em></strong></span> <span class='ocrx_word' id='word_1_119' title='bbox 672 1942 706 2018; x_wconf 90' lang='grc' dir='ltr'><strong><em>ἐς</em></strong></span> <span class='ocrx_word' id='word_1_120' title='bbox 737 1939 800 2025; x_wconf 73' lang='grc' dir='ltr'><strong><em>τὴν</em></strong></span> <span class='ocrx_word' id='word_1_121' title='bbox 833 1939 957 2027; x_wconf 85' lang='grc' dir='ltr'><strong><em>χῶραν.</em></strong></span> <span class='ocrx_word' id='word_1_122' title='bbox 1007 1942 1076 2007; x_wconf 80' lang='grc' dir='ltr'><strong><em>ἐστι</em></strong></span> <span class='ocrx_word' id='word_1_123' title='bbox 1107 1935 1176 2026; x_wconf 83' lang='grc' dir='ltr'><strong><em>γάρ</em></strong></span> 
     </span>
     <span class='ocr_line' id='line_1_18' title="bbox 211 2032 1178 2129; baseline 0.001 -24"><span class='ocrx_word' id='word_1_124' title='bbox 211 2039 437 2128; x_wconf 79' lang='grc' dir='ltr'><strong><em>μετεωροτέρα</em></strong></span> <span class='ocrx_word' id='word_1_125' title='bbox 453 2032 474 2125; x_wconf 80' lang='grc' dir='ltr'><strong><em>ἡ</em></strong></span> <span class='ocrx_word' id='word_1_126' title='bbox 491 2040 597 2128; x_wconf 85' lang='grc' dir='ltr'><strong><em>ταύτη</em></strong></span> <span class='ocrx_word' id='word_1_127' title='bbox 615 2043 659 2127; x_wconf 77' lang='grc' dir='ltr'><strong><em>γῆ</em></strong></span> <span class='ocrx_word' id='word_1_128' title='bbox 672 2043 733 2108; x_wconf 88' lang='grc' dir='ltr'><strong><em>τοῦ</em></strong></span> <span class='ocrx_word' id='word_1_129' title='bbox 746 2038 884 2129; x_wconf 79' lang='grc' dir='ltr'><strong><em>ὕδατος,</em></strong></span> <span class='ocrx_word' id='word_1_130' title='bbox 901 2037 984 2108; x_wconf 74' lang='grc' dir='ltr'><strong><em>οὐδὲ</em></strong></span> <span class='ocrx_word' id='word_1_131' title='bbox 998 2042 1178 2109; x_wconf 83' lang='grc' dir='ltr'><strong><em>ἐκδίδωσιν</em></strong></span> 
     </span>
     <span class='ocr_line' id='line_1_19' title="bbox 212 2129 1176 2228; baseline 0.001 -21"><span class='ocrx_word' id='word_1_132' title='bbox 212 2129 311 2218; x_wconf 83' lang='grc' dir='ltr'><strong><em>οὗτος</em></strong></span> <span class='ocrx_word' id='word_1_133' title='bbox 337 2138 421 2207; x_wconf 83' lang='grc' dir='ltr'><strong><em>κατά</em></strong></span> <span class='ocrx_word' id='word_1_134' title='bbox 447 2138 506 2218; x_wconf 82' lang='grc' dir='ltr'><strong><em>τὰς</em></strong></span> <span class='ocrx_word' id='word_1_135' title='bbox 532 2140 700 2228; x_wconf 85' lang='grc' dir='ltr'><strong><em>διῶρυχας</em></strong></span> <span class='ocrx_word' id='word_1_136' title='bbox 727 2139 810 2210; x_wconf 68' lang='grc' dir='ltr'><strong><em>οὐδὲ</em></strong></span> <span class='ocrx_word' id='word_1_137' title='bbox 836 2143 870 2222; x_wconf 90' lang='grc' dir='ltr'><strong><em>ἐς</em></strong></span> <span class='ocrx_word' id='word_1_138' title='bbox 887 2139 992 2210; x_wconf 82' lang='grc' dir='ltr'><strong><em>ἄλλον</em></strong></span> <span class='ocrx_word' id='word_1_139' title='bbox 1010 2140 1176 2228; x_wconf 88' lang='grc' dir='ltr'><strong><em>ποταμόν,</em></strong></span> 
     </span>
     <span class='ocr_line' id='line_1_20' title="bbox 211 2238 1175 2330; baseline 0 -21"><span class='ocrx_word' id='word_1_140' title='bbox 211 2238 296 2309; x_wconf 83' lang='grc' dir='ltr'><strong><em>ἄλλά</em></strong></span> <span class='ocrx_word' id='word_1_141' title='bbox 315 2241 443 2329; x_wconf 83' lang='grc' dir='ltr'><strong><em>δέχεται</em></strong></span> <span class='ocrx_word' id='word_1_142' title='bbox 458 2241 522 2330; x_wconf 81' lang='grc' dir='ltr'><strong><em>γὰρ</em></strong></span> <span class='ocrx_word' id='word_1_143' title='bbox 538 2243 687 2322; x_wconf 81' lang='grc' dir='ltr'><strong><em>ἐκείνους</em></strong></span> <span class='ocrx_word' id='word_1_144' title='bbox 699 2247 847 2329; x_wconf 85' lang='grc' dir='ltr'><strong><em>μάλλον·</em></strong></span> <span class='ocrx_word' id='word_1_145' title='bbox 873 2240 1043 2330; x_wconf 75' lang='grc' dir='ltr'><strong><em>ἄρδεσθαί</em></strong></span> <span class='ocrx_word' id='word_1_146' title='bbox 1053 2268 1090 2309; x_wconf 88' lang='grc' dir='ltr'><strong><em>τε</em></strong></span> <span class='ocrx_word' id='word_1_147' title='bbox 1104 2239 1175 2310; x_wconf 81' lang='grc' dir='ltr'><strong><em>άπδ</em></strong></span> 
     </span>
    </p>

    <p class='ocr_par' dir='ltr' id='par_1_9' title="bbox 178 2333 1278 3237">
     <span class='ocr_line' id='line_1_21' title="bbox 178 2333 1215 2431; baseline 0.001 -21"><span class='ocrx_word' id='word_1_148' title='bbox 178 2333 253 2411; x_wconf 75' lang='grc' dir='ltr'><strong><em>5οὐ</em></strong></span> <span class='ocrx_word' id='word_1_149' title='bbox 286 2340 349 2430; x_wconf 79' lang='grc' dir='ltr'><strong><em>τὴν</em></strong></span> <span class='ocrx_word' id='word_1_150' title='bbox 380 2343 495 2431; x_wconf 87' lang='grc' dir='ltr'><strong><em>χῶραν</em></strong></span> <span class='ocrx_word' id='word_1_151' title='bbox 527 2342 661 2431; x_wconf 77' lang='grc' dir='ltr'><strong><em>οὐδαμῆ</em></strong></span> <span class='ocrx_word' id='word_1_152' title='bbox 687 2345 831 2431; x_wconf 83' lang='grc' dir='ltr'><strong><em>παρέχει.</em></strong></span> <span class='ocrx_word' id='word_1_153' title='bbox 875 2340 894 2412; x_wconf 88' lang='grc' dir='ltr'><strong><em>ὁ</em></strong></span> <span class='ocrx_word' id='word_1_154' title='bbox 921 2342 961 2412; x_wconf 74' lang='grc' dir='ltr'><strong><em>δὲ</em></strong></span> <span class='ocrx_word' id='word_1_155' title='bbox 990 2340 1215 2430; x_wconf 84' lang='grc' dir='ltr'><strong><em>Εὐφράτηςεο</em></strong></span> 
     </span>
     <span class='ocr_line' id='line_1_22' title="bbox 210 2443 1176 2534; baseline -0.002 -22"><span class='ocrx_word' id='word_1_156' title='bbox 210 2443 375 2533; x_wconf 79' lang='grc' dir='ltr'><strong><em>μετέωρός</em></strong></span> <span class='ocrx_word' id='word_1_157' title='bbox 400 2471 436 2513; x_wconf 89' lang='grc' dir='ltr'><strong><em>τε</em></strong></span> <span class='ocrx_word' id='word_1_158' title='bbox 461 2447 516 2533; x_wconf 77' lang='grc' dir='ltr'><strong><em>ρετ</em></strong></span> <span class='ocrx_word' id='word_1_159' title='bbox 531 2445 587 2512; x_wconf 81' lang='grc' dir='ltr'><strong><em>καὶ</em></strong></span> <span class='ocrx_word' id='word_1_160' title='bbox 606 2451 772 2534; x_wconf 78' lang='grc' dir='ltr'><strong><em>ἰσοχείλης</em></strong></span> <span class='ocrx_word' id='word_1_161' title='bbox 790 2447 962 2531; x_wconf 81' lang='grc' dir='ltr'><strong><em>πανταχοῦ</em></strong></span> <span class='ocrx_word' id='word_1_162' title='bbox 980 2451 1022 2534; x_wconf 83' lang='grc' dir='ltr'><strong><em>τῇ</em></strong></span> <span class='ocrx_word' id='word_1_163' title='bbox 1040 2447 1099 2532; x_wconf 78' lang='grc' dir='ltr'><strong><em>γῇ,</em></strong></span> <span class='ocrx_word' id='word_1_164' title='bbox 1117 2443 1176 2512; x_wconf 86' lang='grc' dir='ltr'><strong><em>καὶ</em></strong></span> 
     </span>
     <span class='ocr_line' id='line_1_23' title="bbox 211 2543 1177 2633; baseline 0.001 -21"><span class='ocrx_word' id='word_1_165' title='bbox 211 2544 375 2633; x_wconf 77' lang='grc' dir='ltr'><strong><em>διώρυχες</em></strong></span> <span class='ocrx_word' id='word_1_166' title='bbox 401 2543 439 2612; x_wconf 77' lang='grc' dir='ltr'><strong><em>δὲ</em></strong></span> <span class='ocrx_word' id='word_1_167' title='bbox 463 2546 584 2613; x_wconf 80' lang='grc' dir='ltr'><strong><em>πολλαὶ</em></strong></span> <span class='ocrx_word' id='word_1_168' title='bbox 609 2543 670 2614; x_wconf 87' lang='grc' dir='ltr'><strong><em>ὐπ’</em></strong></span> <span class='ocrx_word' id='word_1_169' title='bbox 690 2544 797 2614; x_wconf 90' lang='grc' dir='ltr'><strong><em>αὐτοῦ</em></strong></span> <span class='ocrx_word' id='word_1_170' title='bbox 816 2553 1022 2632; x_wconf 88' lang='grc' dir='ltr'><strong><em>πεποίηνται,</em></strong></span> <span class='ocrx_word' id='word_1_171' title='bbox 1049 2550 1089 2614; x_wconf 88' lang='grc' dir='ltr'><strong><em>αί</em></strong></span> <span class='ocrx_word' id='word_1_172' title='bbox 1111 2543 1177 2632; x_wconf 68' lang='grc' dir='ltr'><strong><em>μεν</em></strong></span> 
     </span>
     <span class='ocr_line' id='line_1_24' title="bbox 211 2637 1175 2737; baseline 0.002 -25"><span class='ocrx_word' id='word_1_173' title='bbox 211 2643 338 2732; x_wconf 78' lang='grc' dir='ltr'><strong><em>άέναοι,</em></strong></span> <span class='ocrx_word' id='word_1_174' title='bbox 364 2643 425 2732; x_wconf 79' lang='grc' dir='ltr'><strong><em>ἀφ’</em></strong></span> <span class='ocrx_word' id='word_1_175' title='bbox 455 2637 504 2713; x_wconf 85' lang='grc' dir='ltr'><strong><em>ῶν</em></strong></span> <span class='ocrx_word' id='word_1_176' title='bbox 529 2645 735 2733; x_wconf 85' lang='grc' dir='ltr'><strong><em>ὐδρεύονται</em></strong></span> <span class='ocrx_word' id='word_1_177' title='bbox 759 2652 797 2716; x_wconf 87' lang='grc' dir='ltr'><strong><em>οί</em></strong></span> <span class='ocrx_word' id='word_1_178' title='bbox 819 2646 900 2734; x_wconf 91' lang='grc' dir='ltr'><strong><em>παρ’</em></strong></span> <span class='ocrx_word' id='word_1_179' title='bbox 930 2647 1066 2735; x_wconf 84' lang='grc' dir='ltr'><strong><em>ἑκάτερα</em></strong></span> <span class='ocrx_word' id='word_1_180' title='bbox 1092 2643 1175 2737; x_wconf 79' lang='grc' dir='ltr'><strong><em>φ’κι-</em></strong></span> 
     </span>
     <span class='ocr_line' id='line_1_25' title="bbox 212 2745 1177 2838; baseline 0.001 -24"><span class='ocrx_word' id='word_1_181' title='bbox 212 2747 344 2834; x_wconf 85' lang='grc' dir='ltr'><strong><em>σμένοι·</em></strong></span> <span class='ocrx_word' id='word_1_182' title='bbox 382 2745 443 2825; x_wconf 82' lang='grc' dir='ltr'><strong><em>τάς</em></strong></span> <span class='ocrx_word' id='word_1_183' title='bbox 468 2745 507 2815; x_wconf 69' lang='grc' dir='ltr'><strong><em>δέ</em></strong></span> <span class='ocrx_word' id='word_1_184' title='bbox 532 2749 590 2815; x_wconf 81' lang='grc' dir='ltr'><strong><em>καὶ</em></strong></span> <span class='ocrx_word' id='word_1_185' title='bbox 616 2747 701 2836; x_wconf 81' lang='grc' dir='ltr'><strong><em>πρὸς</em></strong></span> <span class='ocrx_word' id='word_1_186' title='bbox 725 2747 843 2838; x_wconf 85' lang='grc' dir='ltr'><strong><em>καιρὸν</em></strong></span> <span class='ocrx_word' id='word_1_187' title='bbox 860 2751 1048 2836; x_wconf 87' lang='grc' dir='ltr'><strong><em>ποιοῦνται,</em></strong></span> <span class='ocrx_word' id='word_1_188' title='bbox 1074 2745 1177 2816; x_wconf 83' lang='grc' dir='ltr'><strong><em>ὁπότε</em></strong></span> 
     </span>
     <span class='ocr_line' id='line_1_26' title="bbox 212 2843 1217 2936; baseline 0.003 -21"><span class='ocrx_word' id='word_1_189' title='bbox 212 2853 330 2933; x_wconf 87' lang='grc' dir='ltr'><strong><em>σφίσιν</em></strong></span> <span class='ocrx_word' id='word_1_190' title='bbox 355 2843 479 2926; x_wconf 79' lang='grc' dir='ltr'><strong><em>ὕδατος</em></strong></span> <span class='ocrx_word' id='word_1_191' title='bbox 515 2850 636 2928; x_wconf 80' lang='grc' dir='ltr'><strong><em>ἐνδεῶς</em></strong></span> <span class='ocrx_word' id='word_1_192' title='bbox 669 2855 754 2936; x_wconf 81' lang='grc' dir='ltr'><strong><em>ἔχοι,</em></strong></span> <span class='ocrx_word' id='word_1_193' title='bbox 784 2853 817 2930; x_wconf 90' lang='grc' dir='ltr'><strong><em>ἐς</em></strong></span> <span class='ocrx_word' id='word_1_194' title='bbox 851 2848 888 2918; x_wconf 85' lang='grc' dir='ltr'><strong><em>τύ</em></strong></span> <span class='ocrx_word' id='word_1_195' title='bbox 924 2850 1080 2936; x_wconf 80' lang='grc' dir='ltr'><strong><em>ἐπάρδειν</em></strong></span> <span class='ocrx_word' id='word_1_196' title='bbox 1110 2848 1175 2936; x_wconf 80' lang='grc' dir='ltr'><strong><em>τὴν</em></strong></span> <span class='ocrx_word' id='word_1_197' title='bbox 1190 2876 1217 2918; x_wconf 77' lang='grc' dir='ltr'><strong><em>ιε</em></strong></span> 
     </span>
     <span class='ocr_line' id='line_1_27' title="bbox 212 2944 1177 3040; baseline 0.003 -26"><span class='ocrx_word' id='word_1_198' title='bbox 212 2945 342 3034; x_wconf 85' lang='grc' dir='ltr'><strong><em>χῶραν·</em></strong></span> <span class='ocrx_word' id='word_1_199' title='bbox 376 2946 418 3016; x_wconf 91' lang='grc' dir='ltr'><strong><em>οὐ</em></strong></span> <span class='ocrx_word' id='word_1_200' title='bbox 446 2947 511 3036; x_wconf 85' lang='grc' dir='ltr'><strong><em>γάρ</em></strong></span> <span class='ocrx_word' id='word_1_201' title='bbox 536 2946 630 3016; x_wconf 83' lang='grc' dir='ltr'><strong><em>ὐεται</em></strong></span> <span class='ocrx_word' id='word_1_202' title='bbox 646 2949 684 3017; x_wconf 85' lang='grc' dir='ltr'><strong><em>τὸ</em></strong></span> <span class='ocrx_word' id='word_1_203' title='bbox 702 2949 789 3018; x_wconf 86' lang='grc' dir='ltr'><strong><em>πολύ</em></strong></span> <span class='ocrx_word' id='word_1_204' title='bbox 809 2944 830 3036; x_wconf 83' lang='grc' dir='ltr'><em>ἡ</em></span> <span class='ocrx_word' id='word_1_205' title='bbox 850 2952 892 3039; x_wconf 77' lang='grc' dir='ltr'><strong><em>γῆ</em></strong></span> <span class='ocrx_word' id='word_1_206' title='bbox 911 2949 995 3040; x_wconf 85' lang='grc' dir='ltr'><strong><em>αὐτη</em></strong></span> <span class='ocrx_word' id='word_1_207' title='bbox 1015 2953 1047 3032; x_wconf 82' lang='grc' dir='ltr'><strong><em>ἐξ</em></strong></span> <span class='ocrx_word' id='word_1_208' title='bbox 1066 2944 1177 3036; x_wconf 87' lang='grc' dir='ltr'><strong><em>οὐρα-</em></strong></span> 
     </span>
     <span class='ocr_line' id='line_1_28' title="bbox 211 3046 1176 3141; baseline 0.002 -26"><span class='ocrx_word' id='word_1_209' title='bbox 211 3051 294 3116; x_wconf 89' lang='grc' dir='ltr'><strong><em>νοῦ·</em></strong></span> <span class='ocrx_word' id='word_1_210' title='bbox 332 3048 389 3115; x_wconf 82' lang='grc' dir='ltr'><strong><em>καὶ</em></strong></span> <span class='ocrx_word' id='word_1_211' title='bbox 420 3046 528 3128; x_wconf 81' lang='grc' dir='ltr'><strong><em>οὕτως</em></strong></span> <span class='ocrx_word' id='word_1_212' title='bbox 562 3050 595 3128; x_wconf 87' lang='grc' dir='ltr'><strong><em>ἐς</em></strong></span> <span class='ocrx_word' id='word_1_213' title='bbox 621 3047 663 3118; x_wconf 91' lang='grc' dir='ltr'><strong><em>οὐ</em></strong></span> <span class='ocrx_word' id='word_1_214' title='bbox 691 3051 778 3120; x_wconf 88' lang='grc' dir='ltr'><strong><em>πολύ</em></strong></span> <span class='ocrx_word' id='word_1_215' title='bbox 810 3049 905 3141; x_wconf 82' lang='grc' dir='ltr'><strong><em>ὕδωρ</em></strong></span> <span class='ocrx_word' id='word_1_216' title='bbox 936 3051 954 3120; x_wconf 83' lang='grc' dir='ltr'>ὁ</span> <span class='ocrx_word' id='word_1_217' title='bbox 989 3049 1176 3139; x_wconf 82' lang='grc' dir='ltr'><strong><em>Εὐφράτης</em></strong></span> 
     </span>
     <span class='ocr_line' id='line_1_29' title="bbox 211 3149 1040 3237; baseline 0.004 -20"><span class='ocrx_word' id='word_1_218' title='bbox 211 3151 376 3218; x_wconf 78' lang='grc' dir='ltr'><strong><em>τελευτῶν</em></strong></span> <span class='ocrx_word' id='word_1_219' title='bbox 402 3149 459 3218; x_wconf 84' lang='grc' dir='ltr'><strong><em>καὶ</em></strong></span> <span class='ocrx_word' id='word_1_220' title='bbox 484 3154 669 3237; x_wconf 87' lang='grc' dir='ltr'><strong><em>τεναγῶδες</em></strong></span> <span class='ocrx_word' id='word_1_221' title='bbox 694 3157 796 3221; x_wconf 81' lang='grc' dir='ltr'><strong><em>τοῦτο</em></strong></span> <span class='ocrx_word' id='word_1_222' title='bbox 822 3153 1040 3223; x_wconf 84' lang='grc' dir='ltr'><strong><em>άποπαύεται.</em></strong></span> 
     </span>
    </p>

    <p class='ocr_par' dir='ltr' id='par_1_10' title="bbox 178 3247 1276 3648">
     <span class='ocr_line' id='line_1_30' title="bbox 178 3247 1178 3342; baseline 0.003 -25"><span class='ocrx_word' id='word_1_223' title='bbox 178 3268 194 3317; x_wconf 81' lang='grc' dir='ltr'><strong><em>ι</em></strong></span> <span class='ocrx_word' id='word_1_224' title='bbox 285 3247 503 3340; x_wconf 81' lang='grc' dir='ltr'><strong><em>Ἀλέξανδρος</em></strong></span> <span class='ocrx_word' id='word_1_225' title='bbox 522 3250 561 3321; x_wconf 73' lang='grc' dir='ltr'><strong><em>δέ</em></strong></span> <span class='ocrx_word' id='word_1_226' title='bbox 578 3253 802 3338; x_wconf 76' lang='grc' dir='ltr'><strong><em>περιπλεύσας</em></strong></span> <span class='ocrx_word' id='word_1_227' title='bbox 819 3254 903 3324; x_wconf 84' lang='grc' dir='ltr'><strong><em>κατά</em></strong></span> <span class='ocrx_word' id='word_1_228' title='bbox 922 3255 984 3342; x_wconf 76' lang='grc' dir='ltr'><strong><em>τὴν</em></strong></span> <span class='ocrx_word' id='word_1_229' title='bbox 996 3254 1178 3323; x_wconf 75' lang='grc' dir='ltr'><strong><em>θάλασσαν</em></strong></span> 
     </span>
     <span class='ocr_line' id='line_1_31' title="bbox 213 3351 1219 3444; baseline 0.003 -23"><span class='ocrx_word' id='word_1_230' title='bbox 213 3351 294 3421; x_wconf 87' lang='grc' dir='ltr'><strong><em>ὅσον</em></strong></span> <span class='ocrx_word' id='word_1_231' title='bbox 320 3352 443 3440; x_wconf 75' lang='grc' dir='ltr'><strong><em>μεταξὺ</em></strong></span> <span class='ocrx_word' id='word_1_232' title='bbox 470 3359 533 3422; x_wconf 84' lang='grc' dir='ltr'><strong><em>τοῦ</em></strong></span> <span class='ocrx_word' id='word_1_233' title='bbox 559 3379 595 3423; x_wconf 89' lang='grc' dir='ltr'><strong><em>τε</em></strong></span> <span class='ocrx_word' id='word_1_234' title='bbox 614 3351 767 3423; x_wconf 87' lang='grc' dir='ltr'><strong><em>Εὐλαίου</em></strong></span> <span class='ocrx_word' id='word_1_235' title='bbox 786 3361 936 3444; x_wconf 85' lang='grc' dir='ltr'><strong><em>ποταμοῦ</em></strong></span> <span class='ocrx_word' id='word_1_236' title='bbox 954 3357 1010 3424; x_wconf 81' lang='grc' dir='ltr'><strong><em>καὶ</em></strong></span> <span class='ocrx_word' id='word_1_237' title='bbox 1028 3359 1088 3424; x_wconf 88' lang='grc' dir='ltr'><strong><em>τοῦ</em></strong></span> <span class='ocrx_word' id='word_1_238' title='bbox 1114 3362 1175 3426; x_wconf 85' lang='grc' dir='ltr'><strong><em>Τί·</em></strong></span> <span class='ocrx_word' id='word_1_239' title='bbox 1191 3384 1219 3424; x_wconf 82' lang='grc' dir='ltr'><strong><em>ιο</em></strong></span> 
     </span>
     <span class='ocr_line' id='line_1_32' title="bbox 212 3451 1177 3547; baseline 0.005 -25"><span class='ocrx_word' id='word_1_240' title='bbox 212 3479 333 3540; x_wconf 90' lang='grc' dir='ltr'><strong><em>γρηιος</em></strong></span> <span class='ocrx_word' id='word_1_241' title='bbox 352 3455 482 3541; x_wconf 81' lang='grc' dir='ltr'><strong><em>ἐπεῖχεν</em></strong></span> <span class='ocrx_word' id='word_1_242' title='bbox 501 3451 519 3521; x_wconf 85' lang='grc' dir='ltr'>ὁ</span> <span class='ocrx_word' id='word_1_243' title='bbox 538 3455 688 3540; x_wconf 73' lang='grc' dir='ltr'><strong><em>αἰγιαλὸς</em></strong></span> <span class='ocrx_word' id='word_1_244' title='bbox 705 3458 766 3525; x_wconf 87' lang='grc' dir='ltr'><strong><em>τοῦ</em></strong></span> <span class='ocrx_word' id='word_1_245' title='bbox 784 3456 912 3525; x_wconf 85' lang='grc' dir='ltr'><strong><em>κόλπου</em></strong></span> <span class='ocrx_word' id='word_1_246' title='bbox 925 3459 986 3526; x_wconf 87' lang='grc' dir='ltr'><strong><em>τοῦ</em></strong></span> <span class='ocrx_word' id='word_1_247' title='bbox 1001 3460 1177 3547; x_wconf 85' lang='grc' dir='ltr'><strong><em>Περσικοῦ</em></strong></span> 
     </span>
     <span class='ocr_line' id='line_1_33' title="bbox 213 3549 1180 3648; baseline 0.011 -29"><span class='ocrx_word' id='word_1_248' title='bbox 213 3549 349 3620; x_wconf 87' lang='grc' dir='ltr'><strong><em>άνίπλει</em></strong></span> <span class='ocrx_word' id='word_1_249' title='bbox 374 3555 457 3622; x_wconf 80' lang='grc' dir='ltr'><strong><em>κατὰ</em></strong></span> <span class='ocrx_word' id='word_1_250' title='bbox 475 3555 535 3624; x_wconf 86' lang='grc' dir='ltr'><strong><em>τὸν</em></strong></span> <span class='ocrx_word' id='word_1_251' title='bbox 557 3562 705 3644; x_wconf 88' lang='grc' dir='ltr'><strong><em>Τίγρητα</em></strong></span> <span class='ocrx_word' id='word_1_252' title='bbox 728 3563 801 3625; x_wconf 85' lang='grc' dir='ltr'><strong><em>ἐστε</em></strong></span> <span class='ocrx_word' id='word_1_253' title='bbox 819 3557 875 3625; x_wconf 80' lang='grc' dir='ltr'><strong><em>ἐπὶ</em></strong></span> <span class='ocrx_word' id='word_1_254' title='bbox 891 3556 929 3625; x_wconf 84' lang='grc' dir='ltr'>τό</span> <span class='ocrx_word' id='word_1_255' title='bbox 947 3557 1180 3648; x_wconf 86' lang='grc' dir='ltr'><strong><em>στρατόπεδον</em></strong></span> 
     </span>
    </p>
   </div>
   <div class='ocr_carea' id='block_1_3' title="bbox 0 0 1307 3948">
    <p class='ocr_par' dir='ltr' id='par_1_11' title="bbox 0 0 1307 3948">
     <span class='ocr_line' id='line_1_34' title="bbox 0 0 1307 3948; baseline 0 0"><span class='ocrx_word' id='word_1_256' title='bbox 0 0 1307 3948; x_wconf 95' lang='lat' dir='ltr'><strong><em> </em></strong></span> 
     </span>
    </p>
   </div>
  </div>
 </body>
</html>
