2590 3948
417 225 600 278 εοεειειε
618 229 644 290 τ,
663 229 702 280 ιο.
721 229 763 278 εο.
1009 225 1071 290 319

107 387 176 454 τῶν
203 382 241 454 δὲ
266 381 379 452 άλλων
406 379 469 451 ὅσα
493 385 527 462 ές
545 390 739 471 ναυπηγίαν
756 381 891 470 άπόρως
908 383 1072 472 ἔχειντὴν

108 489 174 572 γῆν
199 483 341 572 ταότην·
383 483 590 573 πληρώματα
616 484 654 554 δὲ
682 487 714 565 ές
740 482 801 564 τάς
826 488 913 566 ναῦς
939 484 1072 566 καλιάς

109 585 214 665 άλλας
242 583 429 674 ὑπηρεσίας
464 587 669 673 πορφυρέων
703 611 738 656 τε
765 591 896 672 πλῆθος
922 587 978 654 καλ
1003 591 1072 654 τάν

110 686 224 756 ἄλλων
250 683 321 756 ὅσοι
346 685 481 775 ἐργάται
497 689 555 771 τῆς
572 686 746 773 θαλάσσης
763 685 906 774 ἀφῖχθαι
923 685 1016 777 αὐτῷ
1036 689 1073 756 έκ

84 815 98 856 ο
113 794 271 873 Φοινίκης
287 814 323 858 τε
340 787 397 856 καλ
414 789 473 874 τῆς
496 784 598 875 άλλης
616 794 798 877 παραλίας·
838 789 954 876 λιμένα
970 815 1005 856 τε
1022 786 1073 856 ὅτι

111 889 197 977 πρός
215 891 396 976 Βαβυλῶνι
414 891 519 957 ἐποίει
543 883 691 975 όρυκιδν
717 886 798 958 ὅσον
824 895 943 976 χιλίαις
969 891 1073 959 ναυσὶ

110 1005 255 1079 μακραῖς
269 987 376 1080 ὅρμον
394 985 551 1060 εἶναικαὶ
567 996 771 1069 νεωσοίκους
786 991 841 1059 ἐπὶ
854 997 915 1058 του
929 990 1070 1078 λιμένος.

110 1093 167 1161 καὶ
202 1098 378 1170 Μίκκαλος
417 1088 435 1160 ὁ
471 1091 689 1178 Κλαζομένιος
729 1089 811 1178 μετά
844 1098 1106 1161 πευτακοσίωνῡ

110 1193 285 1264 ταλάντων
318 1193 373 1262 έπλ
407 1197 564 1278 Φοινίκης
591 1194 708 1260 τεκαὶ
736 1197 865 1280 Συρίας
892 1193 1073 1280 ἐστέλλετο,

71 1324 98 1364 ιο
111 1295 193 1374 τοδς
219 1293 282 1381 μὲν
307 1295 417 1386 μισθῷ
444 1301 584 1380 πείσων,
608 1292 690 1374 τούς
717 1293 755 1362 δδ
780 1295 837 1362 καὶ
864 1291 1074 1381 ὠνησόμενος

112 1395 186 1464 ὅσοι
203 1393 380 1464 θαλάσσιοι
397 1393 582 1482 ἄνθρωποι.
610 1395 672 1480 τήν
689 1422 724 1463 τε
740 1392 806 1480 γάρ
824 1402 994 1481 παραλίαν
1011 1395 1074 1480 τὴν

113 1496 198 1584 πρδς
215 1499 262 1585 τῷ
288 1495 401 1587 κόλπῳ
419 1498 465 1584 τῷ
484 1501 640 1586 Περσικῷ
658 1501 852 1578 κατοικίζειν
871 1495 1001 1566 ἐπενόει
1017 1497 1074 1564 καὶ

112 1598 173 1677 τάς
199 1597 324 1684 νήσους
351 1597 410 1676 τάς
436 1597 553 1684 ταότη.
600 1596 707 1666 ἐδόκει
724 1596 788 1684 γάρ
808 1594 900 1687 αὐτῷ
919 1595 960 1666 οό
978 1611 1074 1685 μεῖον

114 1694 157 1767 ἂν
186 1705 346 1785 Φοινίκης
373 1696 545 1785 εὐδαίμων
561 1697 584 1785 ἦ
603 1698 697 1786 ηεόρα
714 1697 801 1785 αὕτη
817 1699 986 1784 γενέσθαι.
1029 1691 1107 1786 ἦν6

74 1829 102 1870 ιο
116 1799 155 1869 δὲ
172 1798 266 1890 αὐτῷ
284 1803 345 1868 τοῦ
363 1803 526 1868 ναυτικοῦ
543 1797 564 1885 ἡ
583 1800 777 1888 παρασκευὴ
797 1799 842 1879 τός
860 1797 1074 1888 έπλἍραβας

113 1900 195 1980 τοδς
222 1898 378 1986 πολλούς,
405 1897 575 1987 πρόφασιν
600 1901 675 1988 μέν,
701 1899 752 1969 ότι
769 1900 866 1988 μόνοι
882 1905 951 1969 τῶν
968 1899 1073 1989 ταάτη

113 2001 297 2091 βαρβάρων
324 1999 401 2070 οὔτε
427 2007 609 2089 πρεσβείαν
636 2000 833 2070 ἀπέστειλαν
851 2000 927 2072 οὔτε
944 2029 975 2070 τι
994 2000 1075 2070 άλλο

116 2102 254 2182 ἐπιεικὲς
280 2096 302 2189 ἢ
329 2103 385 2171 έπλ
410 2107 489 2191 τιμῇ
517 2103 703 2192 ἐπέπρακτο
719 2101 864 2190 ’Ἄραψιν
892 2106 926 2184 ές
952 2102 1073 2172 αὐτόν·

113 2204 151 2273 τδ
178 2203 216 2272 δὲ
243 2202 379 2292 άληθές,
407 2201 451 2283 ω”ς
477 2203 519 2288 γέ
542 2230 597 2291 μοι
623 2209 729 2290 δοκεῖ,
754 2203 920 2292 άπληστος
944 2196 989 2290 ἦν
1012 2207 1074 2272 τοῦ

73 2336 101 2376 εο
115 2309 266 2376 κτᾶσθαί
287 2331 318 2374 τι
344 2303 396 2372 άεὶ
418 2302 646 2391 Ἀλέξανδρος.

194 2406 302 2492 Λόγος
325 2405 363 2474 δὲ
380 2405 507 2490 κατέχει
524 2402 572 2474 ὅτι
588 2403 712 2491 ἤκουεν
721 2402 869 2492 ’Ἁραβας
887 2402 951 2474 δόο
967 2403 1072 2492 μόνον
1084 2403 1124 2468 20

115 2513 215 2593 τιμάν
240 2505 362 2591 θεοός,
388 2502 450 2572 τόν
479 2502 638 2591 Οὐρανόν
663 2532 699 2575 τε
724 2506 866 2574 καὶτὸν
891 2505 1076 2594 Διόνυσον,

115 2607 177 2676 τόν
202 2606 264 2694 μὲν
286 2603 447 2695 Οόρανδν
474 2603 580 2674 αὐτόν
596 2633 632 2676 τε
648 2605 820 2695 ὁρεόμενον
838 2607 895 2674 καὶ
911 2605 952 2675 τά
969 2604 1075 2693 άστρα

118 2711 156 2778 έν
182 2703 216 2777 οί
242 2714 359 2796 ἔχοντα
384 2705 426 2774 τά
451 2733 486 2774 τε
512 2705 596 2776 ἄλλα
613 2708 669 2776 καὶ
695 2707 755 2777 τόν
772 2705 880 2796 ἥλιον,
906 2707 966 2796 ἀφ’
996 2706 1074 2778 ὅτου

75 2803 138 2896 ειη
165 2817 304 2898 μεγίστη
329 2811 386 2878 καλ
413 2808 585 2896 φανοτάτη
612 2807 753 2896 ὠφέλεια
771 2811 804 2889 ές
821 2809 930 2878 πάντα
947 2806 1018 2896 ἥκει
1034 2809 1074 2878 τά

117 2909 329 2997 άνθριίπεια·
357 2909 528 2982 Διόνυσον
546 2909 583 2980 δὲ
600 2909 684 2979 κατά
703 2911 805 2991 δόξαν
822 2915 879 2997 τῆς
899 2913 931 2990 ές
946 2907 1074 2991 Ἰνδοδς

118 3019 299 3100 στρατείας.
340 3008 467 3082 οὔκουν
494 3008 658 3093 άπαξιοῦν
684 3013 741 3081 καὶ
767 3008 876 3082 αότδν
901 3019 1014 3099 τρίτον
1033 3009 1076 3080 ἂν

117 3118 320 3202 νομισθῆναι
337 3111 422 3200 πρὸς
437 3105 588 3199 Ἀράβων
604 3113 698 3199 θεόν,
726 3109 766 3184 οό
785 3113 975 3201 φαυλότερα
994 3119 1075 3202 ἔργα

119 3215 291 3286 Διονύσου
324 3211 599 3300 ἀποδειξάμενον,
634 3225 727 3303 είπερ
753 3205 818 3283 οόν
844 3215 901 3284 καλ
923 3212 1074 3303 Ἀράβων

78 3345 105 3386 ιο
117 3315 295 3404 κρατήσας,
313 3315 518 3405 ἐπιτρέψειεν
531 3313 658 3402 αὐτοῖς,
671 3314 824 3402 καθάπερ
835 3313 965 3401 Ἰνδοῖς,
979 3324 1073 3384 πολι-

117 3416 227 3488 τεάειν
244 3413 328 3486 κατά
344 3416 385 3488 τά
404 3419 501 3503 σφων
518 3415 650 3505 νόμιμα.
676 3419 736 3504 τῆς
753 3443 788 3486 τε
801 3414 911 3504 χώρας
923 3413 946 3504 ἡ
959 3415 1072 3486 εόδαι-
1092 3435 1107 3481 ε

118 3525 219 3608 μονία
241 3517 394 3590 ὑπεκίνει
409 3516 527 3610 αὐτόν,
544 3515 595 3587 ότι
606 3516 729 3607 ἤκουεν
743 3519 779 3588 έκ
791 3516 854 3607 μδν
866 3523 935 3586 τοῖν
948 3523 1075 3606 λιμνῶν
