2650 3948
467 268 649 321 εαεεεειε
668 274 690 330 1,
710 273 751 324 ιι.
1048 269 1092 336 33

128 409 190 480 τδυ
204 401 366 496 Ἀερόπου
381 409 437 478 ἐπὶ
449 407 512 496 τήν
525 409 639 498 χάραν
652 407 714 498 τήν
728 409 907 498 Μέμνονος
922 411 1090 501 ἐκπέμπει,

129 512 274 599 ἄγοντας
287 509 365 590 τούς
378 537 414 580 τε
424 517 719 598 Πελοποννησίους
729 513 783 581 καὶ
797 518 866 580 τῶν
880 511 991 583 ἀλλων
1005 517 1089 603 ξυμ-

129 613 247 702 μάχων
269 610 350 692 τούς
373 611 519 694 πολλούς
542 611 630 702 πλήν
655 609 832 702 Ἀργείων·
863 606 956 683 ούτοι
985 614 1023 685 δέ
1053 617 1091 684 έν

131 714 282 802 Σάρδεσι
297 719 568 802 κατελείφθησαν
583 712 646 802 τήν
664 709 772 802 άκραυ
789 713 980 803 φυλάττειν.

102 842 117 882 ε
203 811 260 886 Ἐν
276 813 383 908 τούτῳ
401 814 439 883 δέ
457 813 501 896 άς
520 813 562 884 τά
579 813 665 904 ύπέρ
688 821 747 903 τής
772 821 974 906 ἱππομαχίας
993 819 1089 904 έξηγ-
1124 831 1146 876 9·

129 918 253 1005 γέλθη,
279 921 370 986 οἵτε
391 914 454 1003 τήν
469 915 615 1004 Ἔφεσον
638 923 866 1005 φρουροῦντες
888 918 1091 1006 μισθοφόροι

131 1017 261 1112 ᾤχοντο
285 1017 487 1105 φεύγοντες,
512 1017 576 1087 δύο
599 1018 739 1106 τριήρεις
756 1024 826 1088 τῶν
848 1016 1011 1108 Ἐφεσίων
1028 1029 1090 1088 λα-

129 1119 264 1207 βόντες,
295 1119 351 1187 καί
378 1117 441 1200 ξύν
466 1116 583 1200 αύτοῖς
604 1116 766 1206 Ἀμύντας
792 1118 810 1188 ὁ
832 1118 1024 1209 Ἀντιόχου,
1050 1118 1090 1202 δς

131 1228 259 1309 ἔφυγεν
290 1223 326 1288 ἐκ
356 1225 572 1299 Μακεδονίας
603 1218 844 1311 Ἀλέξανδρον,
875 1221 998 1290 παθάυ
1027 1224 1090 1310 μὲν

94 1348 117 1388 ιο
132 1319 236 1392 ούδέυ
253 1320 338 1410 πρὸς
351 1319 592 1410 Ἀλεξάνδρου,
618 1327 762 1412 δυσυοίηι
779 1320 818 1390 δέ
836 1327 878 1413 τή
896 1322 982 1412 πρός
996 1315 1088 1394 Ἀλέ-

131 1427 277 1513 ξαυδρον
294 1424 350 1491 καὶ
368 1420 471 1502 αύτός
488 1419 677 1506 ἀπαξιώσας
693 1450 724 1490 τι
740 1432 866 1493 παθεῖν
880 1422 965 1513 πρός
983 1418 1090 1492 αύτού

131 1553 196 1614 αχα
218 1553 239 1593 ι.

198 1553 360 1716 ρΤετάρτῃ
385 1624 424 1694 δέ
446 1623 555 1717 ήμέρηι
573 1628 607 1706 ἐς
623 1623 770 1714 Ἔφεσον
788 1622 988 1716 ἀφικόμενος
1010 1624 1090 1706 τούς
1110 1642 1140 1690 10

131 1753 167 1796 τε
191 1727 346 1816 φυγάδας
377 1724 449 1796 ὅσοι
475 1723 519 1796 δι’
553 1724 659 1796 αύτόν
691 1728 845 1810 ἐξέπεσον
873 1734 931 1817 τής
962 1727 1090 1808 πόλεως

94 1857 119 1896 ιε
132 1829 298 1917 κατήγαγε
322 1829 378 1897 καὶ
402 1827 464 1916 τήν
488 1826 684 1918 ὀλιγαρχίαν
708 1828 897 1910 καταλύσας
921 1834 1090 1918 δημοκρα-

131 1937 207 2000 τίαν
220 1931 412 2018 κατέστησε·
431 1927 508 2010 τούς
522 1929 560 2000 δέ
573 1929 701 2019 φόρους
714 1929 815 2010 ὅσους
828 1946 898 2012 τοῖς
911 1931 1090 2021 βαρβάροις

132 2028 303 2120 ἀπέφερον
331 2035 374 2121 τῇ
401 2027 564 2120 Ἀρτέμιδι
587 2034 760 2114 ξυντελεῖν
787 2033 971 2102 ἐκέλευσεν.
1007 2030 1025 2102 ό
1051 2031 1089 2100 δὲ
1109 2047 1142 2096 n,

132 2137 237 2223 δῆμος
260 2130 278 2202 ὁ
303 2130 571 2220 τῶυ·”Εφεσίων,
598 2130 642 2212 άς
665 2132 823 2223 ἀφῃρέθη
847 2129 963 2214 αύτοῖς
987 2130 1004 2203 ὁ
1024 2127 1090 2202 άπδ

131 2239 200 2303 τοῖν
217 2230 342 2320 ὀλίγων
359 2233 476 2322 φόβος,
494 2233 574 2314 τούς
586 2261 622 2303 τε
637 2235 803 2322 Μέμνονα
820 2235 1091 2323 ἐπαγαγομένους

93 2335 188 2403 ιοκαὶ
212 2334 291 2416 τούς
320 2331 359 2404 τό
389 2333 482 2424 ἱερόν
510 2334 720 2422 συλήσαντας
743 2340 801 2422 τής
822 2333 1010 2424 Ἀρτέμιδος
1033 2335 1090 2403 καὶ

131 2434 212 2516 τούς
228 2434 290 2524 τήν
304 2435 418 2506 είκόυα
431 2435 494 2524 τήν
509 2444 679 2508 Φιλίππου
696 2434 758 2524 τήν
772 2439 809 2504 έν
825 2443 872 2529 τῷ
890 2440 970 2528 ἱερῷ
986 2463 1090 2504 κατα·

132 2535 296 2625 βαλόντας
314 2537 370 2606 καὶ
388 2537 448 2608 τόν
465 2536 574 2624 τάφον
593 2540 629 2607 έκ
645 2540 704 2625 τῆς
722 2534 845 2625 ἀγοράς
863 2534 1091 2627 ἀνορύξαντας

131 2637 192 2708 τόν
201 2636 398 2726 Ἡροπύθου
411 2645 473 2709 τού
488 2637 776 2728 ἐλευθερώσαντος
788 2638 850 2728 τήν
864 2637 962 2708 πόλιν
976 2637 1090 2727 ὥρμη-

134 2761 198 2809 σαν
224 2738 424 2810 ἀποκτεῖναι.
459 2740 515 2809 καὶ
542 2740 710 2830 Σύρφακα
735 2741 798 2830 μὲν
821 2741 877 2809 καὶ
900 2738 961 2810 τόν
984 2745 1090 2809 παῖδα
1109 2754 1141 2803 12

93 2868 119 2909 ιε
133 2837 240 2910 αύτού
257 2840 454 2928 Πελάγοντα
477 2841 534 2910 καὶ
550 2841 628 2923 τούς
644 2847 713 2911 τῶν
731 2837 890 2930 ἀδελφῶν
912 2847 973 2911 τοῦ
992 2841 1089 2930 Σύρ-

131 2969 237 3032 φακος
255 2947 379 3023 παῖδας
398 2945 435 3012 ἐκ
447 2948 508 3013 τού
527 2946 621 3033 ίερού
640 2943 857 3030 ἐξαγαγόντες
871 2944 1089 3012 κατέλευσαν·

131 3041 211 3125 τούς
235 3043 271 3113 δὲ
289 3042 413 3125 ἀλλους
431 3043 632 3114 διεκώλυσεν
655 3039 873 3134 Ἀλέξανδρος
890 3045 1091 3134 προσωτέρω

133 3147 294 3230 ἐπιζητεῖν
303 3145 360 3214 καὶ
373 3155 601 3236 τιμωρεῖσθαι,
614 3145 719 3233 γνούς
731 3144 781 3216 ὅτι
789 3144 875 3234 ὁμού
887 3160 958 3227 τοῖς
971 3151 1090 3227 αίτιόις

132 3247 188 3315 καὶ
204 3243 246 3316 ού
266 3245 331 3328 ξύν
348 3251 427 3337 δίκη
443 3245 555 3334 τινάς,
579 3245 661 3328 τούς
678 3246 741 3334 μέν
757 3244 830 3315 κατ’
852 3253 990 3336 ἔχθραν,
1009 3245 1090 3326 τούς

94 3374 120 3415 εο
133 3347 170 3416 δέ
188 3347 270 3416 κατά
290 3345 446 3437 ἁρπαγήν
470 3346 647 3438 χρημάτων
664 3346 850 3436 ἀποκτενεῖ,
871 3347 1089 3437 ξυγχωρηθὲν

132 3443 236 3542 αύτῷ,
252 3446 270 3518 ὁ
285 3453 398 3537 δῆμος.
417 3451 518 3518 καλεῖ
530 3448 573 3538 δή
585 3477 632 3544 τφ
646 3448 749 3542 ἀλλφ,
763 3449 818 3517 καὶ
831 3463 900 3530 τοῖς
912 3452 948 3518 έυ
960 3446 1089 3541 Ἐφέσῳ

132 3560 332 3639 πραχθεῖσιν
346 3547 562 3644 Ἀλέξανδρος
581 3554 617 3620 ἐν
635 3557 680 3643 τῷ
698 3549 773 3620 τότε
790 3547 969 3640 εὐδοκίμει.

180 3668 308 3712 mmm
920 3665 936 3716 ³
