2650 3948
212 250 254 318 26
564 251 815 314 mut-:Amor

213 402 341 485 ἐχομεν.
368 391 448 478 τούς
461 391 526 484 γάρ
544 404 725 486 πολεμίους
738 394 779 467 οὐ
795 401 883 466 δοκώ
896 394 1071 485 τολμήσειν
1083 392 1172 466 πολύ

212 503 260 590 τῷ
278 503 364 591 πεζῷ
383 499 599 586 λειπομένους
613 505 758 587 πλησίον
773 498 871 588 ήμών
885 494 1097 586 αὐλισθῆναι,
1115 498 1174 565 καὶ

213 598 319 690 ταύτη
338 600 496 686 παρέξειν,
506 602 614 670 ἕωθεν
629 597 776 682 εὐπετῶς
789 605 837 694 τῷ
851 601 979 692 στρατῷ
999 603 1173 686 διαβαλεῖν

213 699 275 769 τόν
304 699 426 788 πόρον’
470 698 717 790 ὑποφθάσομεν
746 700 810 790 γάρ
842 697 939 770 αὐτοὶ
968 699 1173 790 περάσαντες

180 801 297 889 ἐπρὶν
324 804 473 884 ἐκείνους
497 805 530 883 ἐς
559 803 652 885 τάξιν
677 811 912 873 καθίστασθαι.
946 807 1014 872 νῦν
1045 799 1083 870 δέ
1108 796 1174 870 οὐκ
1199 828 1212 872 ι

215 901 405 985 άκινδύνως
422 931 478 993 μοι
502 908 668 993 δοκοῦμεν
687 903 903 993 ἐπιχειρήσειν
927 908 975 995 τῷ
993 908 1099 996 ἐργφ,
1124 900 1175 970 ὅτι

215 1001 279 1092 οὐχ
297 1000 371 1074 οίόν
389 1031 426 1074 τε
451 1007 488 1074 έν
511 1005 652 1100 μετώπῳ
670 1004 724 1075 διά
746 1012 808 1076 τοῦ
833 1009 984 1092 ποταμοῦ
1002 1002 1097 1090 άγειν
1113 1001 1175 1072 τόν

216 1105 369 1194 στρατόν.
411 1106 519 1176 πολλά
542 1106 605 1196 μὲν
629 1105 694 1194 γάρ
719 1103 824 1176 αὐτοῦ
848 1103 965 1193 όράται
986 1104 1113 1193 βαθέα,
1138 1105 1177 1172 αλ

216 1207 255 1276 δὲ
272 1205 372 1295 ὄχθαι
389 1199 487 1277 αῦται
503 1206 586 1300 ὁρᾷς
604 1206 654 1278 ’ότι
669 1206 881 1298 ὑπερύψηλοι
897 1207 954 1276 καί
967 1205 1175 1296 κρημνώδεις

182 1309 304 1378 5είσὶν
328 1313 366 1378 αλ
386 1306 515 1378 αὐτῶν·
557 1307 706 1389 άτάκτως
728 1336 765 1378 τε
790 1302 854 1378 οὐν
877 1309 934 1376 καὶ
955 1306 1038 1377 κατά
1062 1307 1214 1396 κέρας,ιο

216 1403 304 1500 ήπερ
318 1398 575 1497 ἀσθενέστατον,
595 1413 808 1498 ἐκβαίνουσιν
822 1413 1044 1480 ἐπικείσονται
1058 1411 1091 1489 ἐς
1104 1407 1175 1498 φά-

217 1520 325 1600 λαγγα
349 1512 608 1599 συντεταγμένοι
630 1517 699 1580 τών
723 1519 891 1600 πολεμίων
917 1515 952 1580 ολ
968 1515 1096 1591 ἱππεῖς·
1117 1509 1175 1578 καλ

215 1611 254 1682 τό
272 1619 406 1704 πρώτον
424 1611 559 1701 σφάλμα
583 1617 618 1693 ές
641 1639 678 1682 τε
701 1611 742 1682 τά
761 1612 915 1704 παρόντα
932 1611 1087 1701 χαλεπόν.
1118 1609 1175 1679 καλ

218 1717 252 1795 ἐς
269 1713 332 1801 τήν
354 1711 442 1800 ὐπέρ
467 1711 591 1794 παντός
614 1715 841 1803 τοῦπολέμου
864 1720 976 1803 κρίσιν
993 1711 1174 1802 σφαλερόν.

182 1819 201 1872 ⁶
290 1812 506 1904 Ἀλέξανδρος
523 1816 579 1900 δέ,
596 1820 702 1884 ταῦτα
718 1816 800 1904 μέν,
819 1821 895 1905 ἐφη,
914 1807 941 1884 ώ
959 1820 1174 1904 Παρμενίων,
1188 1843 1214 1886 ιε

217 1914 411 2003 γιγνώσκω·
438 1912 638 2005 αίσχύνομαι
655 1919 710 2004 δέ,
731 1923 764 1986 εί
777 1915 839 1986 τόν
855 1917 918 2006 μὲν
931 1915 1176 2004 Ἑλλήσποντον

218 2019 333 2105 διέβην
350 2012 510 2105 εὐπετῶς,
527 2023 627 2087 τοῦτο
645 2020 701 2106 δέ,
720 2016 861 2108 σμικρόν
878 2021 1003 2108 ῥεῦμα,
1022 2015 1111 2087 οῦτω
1127 2021 1176 2110 τςῦ

218 2117 356 2208 ὀνόματι
377 2116 438 2187 τόν
455 2116 623 2207 Γρανικόν
641 2121 865 2209 ἐκφαυλίσας,
890 2122 989 2209 εἴρξει
1010 2116 1097 2208 ήμῦς
1114 2121 1177 2187 τοῦ

183 2219 264 2310 Ὶμή
293 2214 334 2289 οὐ
364 2223 518 2308 διαβῆναι
550 2217 594 2300 ώς
618 2226 745 2310 ἔχομεν.
780 2221 837 2291 καὶ
859 2226 958 2290 τοῦτο
983 2217 1062 2290 οὐτε
1092 2218 1177 2309 πρός

218 2319 432 2395 Μακεδόνων
454 2327 514 2409 τής
537 2321 637 2410 δόξης
660 2321 739 2392 οὐτε
761 2321 845 2410 πρός
862 2328 921 2411 τῆς
940 2324 1019 2411 ἐμῆς
1037 2324 1071 2402 ἐς
1096 2319 1215 2401 τούςεο

218 2423 402 2504 κινδῦνους
415 2419 573 2512 όξῦτητος
587 2429 759 2512 ποιοῦμαι·
773 2421 1024 2515 ἀναθαρρήσειν
1036 2449 1072 2492 τε
1086 2425 1177 2492 δοκοῦ

217 2524 298 2604 τοῦς
316 2525 450 2614 Πέρσας
468 2523 512 2606 ώς
535 2522 733 2614 ἀξιομάχους
757 2525 951 2596 Μακεδόσιν
977 2522 1095 2612 ὄντας,
1126 2522 1178 2593 ότι

220 2623 323 2694 οὐδὲν
331 2622 425 2708 ἄξιον
433 2632 493 2694 τοῦ
507 2633 604 2714 σφών
614 2627 713 2706 δέους
728 2628 823 2719 ἐντῷ
837 2634 1026 2716 παραυτίκα
1036 2633 1176 2696 ἔπαθον.

172 2721 211 2787 14
301 2731 415 2794 Ταῦτα
432 2727 539 2796 είπών
553 2734 778 2817 Παρμενίωνα
791 2727 854 2815 μὲν
873 2728 927 2796 ἐπὶ
943 2726 980 2796 τό
999 2725 1177 2815 εὐώνυμον

219 2829 319 2918 κέρας
342 2827 464 2916 πέμπει
486 2826 715 2916 ἡγησόμενον,
739 2825 842 2909 αὐτός
867 2828 906 2898 δὲ
929 2828 983 2897 ἐπὶ
1005 2828 1042 2898 τό
1067 2827 1216 2910 δεξιόνει

220 2935 359 3018 παρήγε.
400 2930 658 3018 προετάχθησαν
688 2928 725 2999 δὲ
757 2927 851 3022 αὐτῷ
880 2933 942 2998 τοῦ
972 2929 1035 3018 μέν
1067 2933 1178 3012 δεξιοῦ

222 3030 372 3112 Φιλώτας
396 3027 414 3098 ὁ
433 3037 691 3118 Παρμενίωνος,
717 3035 802 3118 ἔχων
825 3028 906 3111 τούς
930 3032 1082 3120 ἑταίρους
1098 3029 1178 3112 τούς

221 3131 342 3212 ίππέας
371 3131 428 3198 καὶ
452 3129 531 3212 τούς
560 3131 693 3214 τοξότας
717 3131 773 3199 καὶ
798 3129 879 3212 τούς
900 3129 1075 3220 Ἀγριῦνας
1098 3131 1179 3214 τούς

220 3230 431 3312 άκοντιστάς·
454 3228 618 3321 Ἀμύντας
640 3231 678 3302 δέ
702 3229 935 3322 δἈρραβαίου
959 3233 1038 3315 τούς
1061 3261 1097 3304 τε
1115 3255 1176 3303 σα-

221 3330 444 3424 ρισσοφόρους
459 3335 579 3414 ἱππέας
594 3341 679 3422 ἔχων
694 3331 829 3425 Φιλώτᾳ
848 3334 1014 3424 ἐπετάχθη
1027 3336 1084 3404 καὶ
1096 3334 1178 3416 τούς
1191 3363 1219 3406 ιο

186 3447 202 3499 2
225 3442 372 3516 Παίονας
389 3436 447 3504 καί
463 3434 524 3523 τήν
543 3444 619 3522 ίλην
636 3433 697 3522 τήν
716 3434 926 3525 Σωκράτους.
972 3434 1122 3525 ἐχόμενοι
1140 3437 1179 3506 δέ

221 3536 350 3608 τοῦτον
378 3538 567 3626 ἐτάχθησαν
586 3540 621 3606 οἱ
634 3533 842 3606 ὑπασπισταὶ
859 3543 928 3607 τών
947 3539 1105 3629 ἑταίρων,
1130 3529 1180 3608 ών
