2678 3950
497 245 682 296 εαιεεπιπ
700 248 726 308 ι,
746 249 785 299 ιι.
1060 245 1123 310 223

41 415 43 422 ’
160 405 216 472 καὶ
245 405 282 472 έν
308 401 417 494 ’τούτῳ
444 405 481 470 οί
504 401 674 470 ἐπιστάται
699 405 769 468 τῶν
788 401 980 487 ἐλεφάντων
998 401 1158 473 dvm-3

160 507 244 591 ήγον
269 506 311 591 τή
339 507 433 593 ἵππῳ
459 498 500 570 τά
524 509 641 590 θηρία,
667 501 724 569 καί
750 498 922 588 ήφάλαγξ
951 501 1037 590 αότή
1056 510 1124 573 τῶν

162 605 374 675 Μακεδόνων
400 602 560 690 ἀντεπῄει
582 602 669 689 πρὸς
694 601 776 681 τούς
803 603 1000 692 ἐλέφαντας,
1028 611 1062 684 ἐς
1088 633 1124 675 τε

161 705 241 785 τούς
275 703 433 792 ἐπιβάτας
464 702 579 772 αότῶν
612 701 839 785 άκοντιξοντες
871 704 927 772 καὶ
960 700 1050 773 αότά
1083 707 1123 774 τά

135 813 266 896 ιθηρία
293 803 494 893 περισταδόν
513 803 684 873 πάντοθεν
709 803 899 889 βάλλοντες.
941 807 997 873 καί
1023 799 1122 893 ἦντὸ

161 913 262 995 ἐργον
288 905 406 975 οὐδενί
433 909 501 974 τῶν
528 905 681 992 πρόσθεν
707 902 851 988 άγιόνων
872 906 996 986 ἐοικός·
1030 907 1072 975 τά
1089 935 1124 976 τε

160 1007 226 1096 γάρ
252 1016 357 1096 θηρία
384 1007 586 1076 ἐπεκθέοντα
620 1009 653 1085 ἐς
678 1004 738 1084 τάς
763 1006 870 1086 τάξεις
903 1011 972 1075 τῶν
1003 1012 1122 1094 πεζῶν,

161 1107 226 1198 ὅπη
255 1108 492 1198 ἐπιστρέψειεν,
521 1106 677 1196 ἐκεράϊζε,
704 1113 825 1195 καίπερ
852 1105 987 1195 πυκνήν
1014 1101 1123 1178 οὖσαν

161 1213 221 1298 τήν
247 1213 316 1280 τῶν
333 1208 546 1278 Μακεδόνων
573 1207 731 1295 φάλαγγα
748 1209 805 1274 καὶ
824 1212 858 1275 οἱ
875 1212 988 1289 ίππεῑς
1006 1215 1042 1278 οί
1055 1212 1124 1278 τῶν

123 1338 149 1378 ιο
159 1309 300 1397 Ἰνδῶν,
325 1325 397 1390 τοῖς
424 1318 533 1392 πεζοῖς
561 1309 690 1387 ἰδόντες
716 1309 916 1396 ξυνεστηκὸς
943 1308 980 1377 τό
1010 1317 1124 1398 ἔργον,
1162 1305 1164 1310 ’

164 1414 421 1501 ἐπιστρέψαντες
439 1401 541 1490 αὖθις
558 1412 615 1478 καὶ
632 1407 732 1478 αὐτοὶ
751 1407 941 1578 ἐπήλαυνον
959 1414 1000 1499 vy}
1020 1416 1122 1504 ἵππω.

164 1513 209 1592 ῶς
227 1511 266 1581 δέ
284 1513 386 1580 πάλιν
405 1511 589 1600 ἐκράτησαν
607 1509 721 1579 αὐτῶν
739 1515 775 1578 οἱ
789 1508 862 1597 άμφ
866 1509 1157 1638 ”Αλέξανδρον,λ

162 1617 204 1702 vy}
231 1639 267 1682 τε
285 1613 381 1702 ῥῶμη
408 1613 465 1680 καὶ
491 1615 532 1700 vy}
561 1615 713 1702 ἐμπειρία
732 1609 818 1679 πολό
839 1613 1050 1700 προέχοντες,
1077 1610 1123 1694 ῶς

165 1716 220 1784 ἐπὶ
252 1713 334 1794 τοάς
362 1713 544 1840 ἐλέφαντας
571 1704 671 1792 αὖθις
698 1697 952 1800 κατειλήθησαν.
1002 1716 1058 1783 καὶ
1087 1716 1125 1783 ἐν

6 1887 8 1910 ‚
127 1839 152 1880 ιι
164 1815 275 1906 τοότῳ
302 1817 393 1884 πάσα
418 1813 439 1900 ή
458 1819 559 1894 ἵππος
573 1812 795 1901 Ἀλεξάνδρου
815 1815 848 1892 ἐς
865 1821 947 1901 μίαν
966 1823 1041 1902 ίλην
1058 1813 1124 1933 ήδη

164 1918 373 2005 ξυνηγμένη,
408 1913 471 1985 οάκ
504 1917 540 1983 ἐκ
566 1916 862 2004 παραγγέλματος,
895 1913 978 1984 άλλά
1007 1919 1044 1984 ἐν
1077 1918 1123 2008 τῷ

163 2016 271 2105 άγῶνι
297 2016 391 2108 αὐτῷ
420 2018 453 2096 ές
478 2016 581 2102 τήνδε
606 2017 667 2104 τὴν
694 2015 786 2096 τάξιν
814 2019 1021 2102 καταστᾶσα,
1050 2015 1126 2085 ὅποι

164 2118 346 2208 προσπέσοι
371 2120 440 2186 τῶν
455 2112 574 2187 Ἰνδῶν
591 2133 664 2196 ταῖς
681 2115 793 2196 τάξεσι
811 2115 875 2195 ξόν
893 2122 1007 2208 πολλῷ
1027 2106 1124 2208 φόνφ

164 2219 362 2289 άπελόοντο.
396 2220 453 2287 καὶ
487 2221 520 2298 ἐς
547 2217 666 2287 στενόν
692 2216 754 2304 ήδη
787 2218 1031 2305 κατειλημένων
1056 2221 1158 2292 τῶνε

125 2328 297 2411 εοθηρίων
312 2319 353 2388 ov}
367 2327 451 2407 μείω
465 2319 549 2406 πρός
559 2317 672 2388 αὐτῶν
686 2323 722 2386 οί
734 2324 827 2405 φίλοι
840 2315 970 2407 ήπεροί
977 2319 1124 2438 πολέμιοι

166 2421 383 2511 ἐβλάπτοντο,
411 2422 447 2488 ἐν
472 2433 547 2499 ταῖς
574 2423 790 2506 ἐπιστροφαῖς
808 2445 844 2489 τε
868 2420 926 2487 καὶ
943 2433 1013 2498 τοις
1040 2413 1125 2486 ῶθι-

165 2539 263 2610 σμοῖς
280 2520 579 2607 καταπατούμενοι.
608 2521 677 2588 τῶν
694 2545 730 2587 τε
747 2509 812 2588 οὖν
841 2521 1028 2606 ίππέων,ο
1011 2514 1066 2588 οἷα
1084 2519 1125 2606 δή

167 2627 203 2694 ἐν
229 2626 336 2714 στενῷ
363 2623 440 2708 περὶ
466 2620 547 2700 τοὺς
572 2620 755 2706 ἐλέφαντας
775 2621 991 2707 εἰλουμένων,
1018 2621 1125 2700 πολάς

165 2724 271 2812 φόνος
299 2725 448 2808 ἐγίγνετο
473 2723 531 2789 καὶ
557 2719 633 2790 oc‘
614 2719 775 2809 ηγεμόνες
793 2723 862 2790 τῶν
882 2719 1075 2808 ἐλεφάντων
1092 2725 1129 2789 οί

127 2851 153 2892 ω
168 2825 287 2894 πολλοὶ
305 2822 598 2911 κατηκοντισμένοι
614 2814 713 2909 ήσαν,
739 2823 795 2890 καὶ
812 2812 910 2890 αότοέ
929 2826 965 2891 οί
981 2822 1124 2909 ἐλέφαν-

166 2953 219 3006 τες
236 2925 278 2993 τά
297 2924 359 3012 μέν
376 2923 644 3013 τιτρωσκόμενοι,
668 2923 709 2990 τά
728 2923 764 2991 δέ
781 2917 851 2992 όπό
868 2950 905 2992 τε
921 2926 990 2991 τῶν
1008 2921 1125 2991 πόνων

165 3028 222 3096 καὶ
251 3029 387 3116 ἐρημίας
413 3024 589 3112 ἡγεμόνων
616 3023 727 3093 οάκέτι
753 3024 994 3112 διακεκριμένοι
1021 3026 1058 3091 ἐν
1081 3026 1122 3112 v}

165 3127 255 3216 μάχη
282 3119 383 3215 ἦσαν·
410 3124 485 3218 ἀλλ’
514 3120 568 3194 οἷα
595 3125 637 3211 δή
664 3123 733 3193 ὑπό
757 3129 819 3193 τοῦ
836 3127 942 3192 κακοῦ
964 3129 1157 3213 έκφρονεςς

166 3237 289 3311 φιλίοις
306 3255 343 3296 τε
360 3225 446 3315 ὁμοῶ
465 3228 522 3295 καὶ
543 3234 713 3314 πολεμίοις
731 3225 998 3315 προσφερόμενοι
1015 3223 1124 3292 πάντα
1146 3241 1148 3253 “

126 3357 152 3398 ιο
166 3329 291 3418 τρόπον
320 3328 471 3410 έξῶθουν
488 3353 524 3396 τε
541 3328 597 3395 καὶ
616 3327 824 3396 κατεπάτουν
842 3326 898 3394 καὶ
916 3326 1123 3394 κατέκαινον.

166 3429 240 3499 ἀλλ’
270 3433 305 3498 ol
328 3429 391 3516 μὲν
410 3427 621 3513 Μακεδόνες,
649 3426 706 3495 άτε
725 3429 761 3494 έν
788 3426 981 3516 εὐρυχωρία
1007 3451 1042 3493 τε
1068 3425 1124 3492 καὶ

164 3531 249 3601 κατά
267 3530 408 3618 γνῶμην
426 3528 488 3616 τήν
506 3530 605 3616 σφῶν
619 3526 885 3617 προσφερόμενοι
897 3541 967 3607 τοίς
980 3533 1125 3614 θηρίοις,
