2664 3946
491 269 673 318 εωεεεειε
691 271 721 330 4,
739 271 764 319 ε.
1043 263 1103 328 161

220 431 364 492 Κλεῖτον
391 422 429 491 δὲ
455 425 558 510 δῆλον
584 423 647 513 μὲν
673 421 757 493 εἶναι
782 423 885 492 πάλαι
906 419 970 510 ἤδη
996 419 1102 508 άχθό-
1120 441 1142 489 4-

143 551 246 612 μενον
270 529 332 593 τοῦ
354 551 389 593 τε
403 523 626 612 Ἀλεξάνδρου
644 530 685 614 τῇ
707 529 740 604 ἐς
757 525 795 592 τὸ
814 522 1104 612 βαρβαρικώτερον

143 624 352 712 μετακινήσει
372 625 429 694 καὶ
456 629 525 694 τῶν
550 626 804 694 κολακευόντων
823 623 930 694 αὐτόν
947 639 1018 704 τοῖς
1044 620 1104 692 λό-

145 743 233 812 χοις·
259 727 335 796 τότε
361 726 400 795 δέ
426 728 483 795 καὶ
509 723 617 795 αὐτόν
644 725 727 814 πρός
750 729 811 795 τοῦ
840 736 936 795 οίνου
954 725 1103 814 παροξυ-

120 825 290 916 ενόμενον
317 827 381 897 οόκ
407 829 467 896 ἐάν
493 825 571 897 οὔτε
598 831 631 907 ἐς
657 824 693 896 τό
720 837 817 896 θεῖον
841 825 999 916 ὑβριξειν,
1027 823 1104 894 οὔτε

146 930 186 997 τὰ
202 932 270 996 τῶν
288 928 390 997 πάλαι
404 926 524 1016 ἡράων
539 935 621 1018 ἔργα
636 931 897 1015 ἐκφαυλίζοντας
910 927 1007 1016 χάριν
1019 925 1104 995 ταό·

146 1057 207 1117 την
225 1028 345 1118 άχαριυ
362 1030 580 1116 προστιθέναι
593 1029 813 1121 Ἀλεξάνδρῳ.
838 1027 924 1098 εἶναι
949 1028 1014 1115 χόιρ
1040 1017 1104 1096 οὖν
1121 1043 1138 1093 ο

147 1129 244 1200 οότε
261 1131 302 1199 τά
318 1129 541 1216 Ἀλεξάνδρου
560 1128 650 1200 οὕτω
667 1158 697 1198 τι
711 1131 839 1218 μεγάλα
853 1131 910 1199 καὶ
924 1126 1103 1217 θαυμαστά

147 1227 192 1311 ὥς
208 1234 327 1301 ἐκεῖνοι
342 1235 554 1318 ἐπαίρουσιν·
579 1229 678 1300 οὔτε
694 1229 820 1300 αότόν
832 1232 937 1319 μόνον
950 1258 989 1317 γε
1002 1257 1105 1298 κατα-

111 1359 134 1400 ιο
148 1333 269 1422 πρᾶξαι
286 1331 392 1418 αὐτά,
419 1329 505 1401 άλλόι
530 1330 567 1401 τό
586 1333 673 1401 πολδ
692 1331 757 1422 γάρ
774 1333 874 1421 μέρος
893 1331 1105 1404 Μακεδόνων

147 1431 233 1502 εἶναι
252 1433 293 1501 τά
313 1439 403 1522 ἔργα.
443 1434 500 1501 καὶ
519 1435 641 1502 τοῦτον
661 1433 722 1502 τδν
747 1434 849 1526 λόγον
870 1430 1105 1528 άνιάσαιἈλέ-

148 1535 295 1623 ξανδρον
322 1535 494 1621 λεχθέντα.
548 1532 631 1604 οόδέ
659 1535 723 1622 ἐμά
752 1537 875 1604 ἐπαινῶ
902 1531 963 1602 τόν
990 1532 1106 1618 λόγον,

149 1632 234 1702 άλλόι
264 1633 383 1704 ἱκανόν
409 1633 475 1723 γάρ
493 1633 580 1704 εἶναι
596 1645 729 1724 τίθεμαι
757 1638 793 1704 ἐν
810 1637 922 1726 τοιᾷδε
947 1639 1106 1722 παροινίᾳ

148 1734 186 1803 τό
212 1733 293 1804 καθ’
321 1733 426 1805 αότδν
456 1743 603 1823 σιγῶντα
631 1742 715 1822 ἔχειν
746 1735 832 1824 μηδδ
856 1732 897 1804 τά
925 1733 1011 1804 αότά
1036 1749 1105 1814 τοῖς

112 1863 135 1904 ιε
149 1833 259 1916 ἄλλοις
286 1839 319 1918 ἐς
349 1843 526 1906 κολακείαν
552 1845 767 1926 πλημμελεῖν.
818 1835 863 1917 ὥς
890 1835 928 1905 δέ
953 1837 1009 1904 καὶ
1035 1836 1139 1902 πάνθ

151 1945 322 2007 Φιλίππου
348 1931 589 2025 τινέςέρχων,
616 1937 668 2006 ότι
693 1937 734 2007 οό
761 1938 891 2026 μεγάλα
908 1935 990 2006 οόδέ
1011 1946 1103 2006 θαυ-

148 2039 257 2126 μαστά
281 2045 438 2130 Φιλίππω
456 2039 684 2128 κατεπράχθη,
703 2035 842 2130 οόδεμιᾷ
855 2037 920 2120 ξδν
933 2043 1011 2126 δίκη
1028 2040 1103 2106 ἐπε-

149 2137 362 2228 μνήσθησαν,
388 2139 591 2228 χαριζόμενοι
612 2144 669 2210 καὶ
692 2130 1018 2230 οὗτοιἈλεξάνδρῳ,
1042 2138 1103 2206 τόν

151 2249 294 2310 Κλεῖτον
311 2239 374 2328 ἤδη
393 2239 505 2308 οόκίτι
525 2243 561 2309 ἐν
581 2243 702 2310 ἑαυτοῦ
721 2239 802 2310 όντα
821 2239 1017 2328 πρεσβεύειν
1041 2238 1102 2326 μὲν

108 2340 191 2408 κατά
218 2344 278 2410 τοῦ
308 2349 492 2428 Φιλίππου,
519 2341 739 2430 καταβάλλειν
764 2341 802 2410 δέ
825 2340 1047 2427 Ἀλέξανδρόν
1072 2366 1107 2408 τε

150 2443 207 2510 καὶ
225 2439 265 2509 τά
284 2441 406 2510 τούτου
427 2449 525 2530 ἔργα,
549 2448 774 2531 παροινοῦντα
791 2440 855 2530 ἤδη
873 2441 933 2510 τόν
951 2449 1106 2528 Κλεῖτον,

149 2542 191 2610 τά
203 2568 239 2610 τε
254 2540 340 2610 ἅλλα
357 2545 414 2612 καὶ
433 2543 539 2612 πολὺν
553 2542 638 2612 εἶναι
653 2545 890 2626 ἐξονειδίζοντα
901 2540 1107 2632 Ἀλεξάνδρμ

150 2641 201 2712 ὅτι
215 2641 299 2731 πρδς
312 2641 420 2713 αότοό
439 2641 504 2732 άρα
523 2645 653 2732 ἐτάθη,
670 2642 803 2731 ὁπότεὴ
820 2639 1037 2732 ίππομαχίαὴ
1053 2645 1107 2711 ἐπὶ

151 2749 304 2836 Γρανικῷ
322 2745 523 2832 ξυνειστήκει
542 2745 626 2835 πρὸς
645 2745 794 2835 Πέρσας·
820 2746 877 2813 καλ
905 2743 946 2831 δὴ
973 2744 1029 2812 καλ
1046 2743 1140 2830 τὴνλ

107 2869 137 2910 εε
152 2845 264 2926 δεξιάν
281 2843 343 2931 τὴν
361 2843 466 2914 αὑτοῦ
486 2849 638 2934 σοβαρῶς
663 2846 900 2933 ἀνατείναντα,
928 2841 1013 2932 αὕτη
1033 2865 1069 2914 σε
1086 2841 1108 2933 ἡ

150 2953 243 3034 χείρ,
262 2947 385 3034 φάναι,
405 2938 431 3014 ὦ
452 2945 665 3036 Ἀλέξανδρε,
685 2951 721 3017 ἐν
741 2951 787 3039 τῷ
805 2948 879 3016 τότε
898 2953 1008 3016 ἔσωσε.
1050 2948 1108 3016 καὶ

148 3044 368 3131 Ἀλέξανδρον
380 3046 491 3116 οόκίτι
504 3050 617 3136 φέρειν
630 3052 690 3118 τοῦ
703 3055 845 3119 Κλείτου
855 3047 916 3136 την
930 3055 1108 3137 παροινίαν

151 3149 270 3216 τεκαὶ
296 3145 415 3236 όβριν,
442 3147 527 3217 άλλόι
551 3145 729 3238 άναπηδάν
754 3149 819 3236 γάρ
847 3147 910 3229 ξόν
936 3148 1020 3237 ὀργῇ
1050 3145 1106 3218 ἐπ’

152 3245 270 3335 αότόν,
288 3251 485 3336 κατέχεσθαι
502 3249 539 3318 δὲ
556 3247 626 3319 όπό
644 3258 714 3319 τόν
731 3249 972 3337 ξυμπινόντων.
1004 3257 1108 3318 Κλεϊ-

108 3376 138 3416 εο
151 3365 217 3418 τονΙ
229 3349 267 3417 δέ
289 3348 352 3418 οόκ
366 3348 495 3418 άνιέναι
512 3350 700 3439 όβριζοντα.
735 3349 952 3439 Ἀλέξανδρος
972 3350 1010 3420 δέ
1029 3348 1108 3437 ἐβόα
1125 3370 1143 3420 8

152 3447 422 3530 άνακαλῶντοδς
432 3449 659 3532 ὑπασπιστάς·
674 3451 815 3532 οὐδενός
829 3452 867 3522 δὲ
876 3449 1107 3531 όπακοάοντος

154 3555 189 3632 ἐς
202 3550 307 3620 ταότά
324 3557 386 3640 ἐφη
400 3555 640 3641 καθεστηκέναι
651 3559 800 3647 Δαρείῳ,
815 3551 915 3622 ὁπότε
925 3550 1008 3640 πρὸς
1018 3549 1108 3638 Βήσ-

203 3669 332 3712 Auum.
876 3667 906 3715 ll
