2664 3946
492 250 676 302 ιαεεεειε
694 254 720 314 4,
738 253 762 304 ε.
1048 247 1107 312 163

147 413 300 497 Λανίκην
316 406 379 495 τήν
398 412 585 496 Δρωπίδου
605 411 723 494 παῖδα,
751 405 796 486 ὥς
819 407 904 476 καλά
929 405 995 495 ἀρα
1019 405 1107 494 αὐτή

145 524 285 596 τροφεῖα
311 507 511 588 ἀποτετικὼς
538 519 589 596 είη
616 506 819 596 ἀνδρωθείς,
844 505 922 595 ἥγε
940 505 1022 587 τοδς
1046 507 1142 595 μένλ

148 614 271 690 παῖδας
288 610 373 689 τοδς
392 611 511 696 έαυτής
528 607 618 697 ὑπὲρ
631 604 739 678 αὐτοῦ
750 610 960 696 μαχομένους
976 611 1108 678 ἐπεῖδεν

147 709 397 798 ἀποθανόντας,
423 709 483 779 τδν
509 708 660 798 ἀδελφόν
687 709 725 779 δὲ
751 709 855 797 αὐτῆς
875 707 978 789 αὐτὸς
1005 708 1105 779 αάτο-

121 818 256 902 ιχειρίμ
283 817 421 881 ἔκτεινε·
448 812 555 899 φονέα
577 839 614 880 τε
635 815 705 880 ταῖν
731 818 843 898 φίλων
861 809 902 880 οό
927 815 1110 880 διαλείπειν

147 911 253 982 αὐτὸν
267 911 520 993 ἀνακαλοῦντα,
539 910 655 982 ἄσιτόν
667 939 703 980 τε
719 914 777 980 καί
795 910 920 980 ἀποτον
937 927 1110 1000 καρτερεῖν

149 1021 220 1083 ἔστε
239 1015 293 1082 ἐπὶ
310 1027 401 1104 τρεῖς
417 1012 553 1104 ἡμέρας,
582 1011 668 1082 οὐδέ
690 1041 764 1081 τινα
791 1011 897 1100 ἀλλην
922 1021 1109 1101 θεραπείαν

147 1119 356 1204 θεραπεῦσαι
383 1113 422 1182 τό
450 1118 555 1202 σῶμα.
926 1203 930 1210 ἡ

223 1215 291 1284 Καὶ
320 1215 376 1284 ἐπὶ
400 1215 530 1296 τούτοις
555 1217 625 1284 τῶν
655 1213 808 1302 μάντεσίν
833 1241 921 1292 τινες
947 1217 1046 1302 μήνιν
1074 1217 1144 1286 ἐκο

111 1347 137 1388 ιο
150 1315 321 1388 Διονύσου
345 1307 443 1405 ᾖδον,
469 1315 520 1386 ὅτι
536 1315 558 1403 ή
575 1324 682 1386 θυσία
708 1317 883 1404 ἐξελείφθη
905 1312 1110 1406 Ἀλεξάνδρῳ

147 1417 247 1505 ήτοῦ
266 1415 449 1487 Διονάσον.
493 1418 550 1486 καί
570 1415 788 1506 Ἀλέξανδρος
812 1417 909 1504 μόγις
935 1415 1020 1504 πρός
1042 1419 1110 1484 τῶν

153 1519 294 1608 ἑταίρων
312 1519 461 1598 πεισθείς
479 1527 574 1588 σίτου
592 1545 628 1587 τε
645 1517 752 1605 ήψατο
765 1521 822 1586 καί
835 1517 872 1586 τό
892 1521 987 1605 σῶμα
1000 1522 1110 1596 κακῶς

150 1618 372 1706 ἐθεράπευσε·
395 1621 452 1687 καλ
471 1623 518 1710 τῷ
535 1618 695 1710 Διονάσιμ
708 1619 770 1706 τήν
782 1626 912 1690 θυσίαν
925 1617 1111 1704 ἀπέδωκεν,

150 1721 222 1789 ἐπεὶ
236 1716 319 1788 οὐδὲ
337 1715 432 1811 αὐτῷ
450 1718 564 1788 ἄκοντι
580 1713 623 1808 ἦν
638 1723 670 1800 ἐς
685 1725 786 1808 μήνιν
798 1724 859 1788 τοῦ
873 1728 972 1791 θείου
982 1719 1111 1806 μᾶλλόν

110 1851 135 1892 15
148 1849 179 1890 τι
195 1817 216 1909 ή
232 1820 295 1909 τήν
312 1819 420 1889 αὑτοῦ
446 1820 612 1909 κακότητα
638 1820 868 1908 ἀναφέρεσθαι
893 1823 954 1910 τήν
980 1821 1112 1906 ξυμφο-

149 1923 222 2011 ράν.
250 1925 355 1990 ταῦτα
373 1923 562 2009 μεγαλωστί
583 1925 708 1991 ἐπαινῶ
718 1919 952 2012 Ἀλεξάνδρου,
973 1921 1012 1990 τὸ
1031 1921 1112 2008 μήτε
1130 1937 1145 1985 6

149 2021 474 2093 ἀπαυθαδιάσασθαι
493 2024 548 2092 ἐπὶ
570 2027 676 2114 κακῷ,
698 2020 779 2110 μήτε
796 2025 985 2112 προστάτην
1002 2049 1038 2090 τε
1054 2023 1111 2090 καὶ

150 2123 337 2212 ξυνήγορον
354 2132 495 2194 κακίονα
514 2130 560 2193 έτι
584 2125 742 2210 γενέσθαι
764 2131 827 2194 τοῦ
850 2122 1110 2214 ἁμαρτηθέντος,

150 2223 234 2295 ἀλλά
253 2231 428 2313 συμφήσαι
452 2224 518 2314 γάρ
544 2227 733 2294 ἐπταικέναι
755 2223 939 2315 ἄνθρωπόν
962 2253 1000 2312 γε
1018 2222 1110 2293 ὄντα.

109 2355 136 2397 το
226 2328 305 2397 Είσλ
332 2326 370 2395 δὲ
401 2334 437 2396 οἳ
460 2329 617 2412 λέγουσιν
635 2325 838 2413 Ἀνάξαρχον
864 2328 924 2395 τὸν
951 2325 1145 2413 σοφιστήνλ
1226 2379 1228 2386 .

151 2430 266 2496 ἐλθεῖν
292 2426 354 2513 μέν
380 2421 462 2515 παρ’
477 2426 701 2517 Ἀλέξανδρον
728 2430 905 2514 κληθέντα,
933 2424 978 2506 ὥς
1001 2451 1111 2513 παρα-

150 2526 405 2616 μυθησόμενον·
432 2527 575 2615 εὑρόντα
600 2528 637 2596 δὲ
662 2535 817 2616 κείμενον
834 2529 890 2596 καὶ
910 2527 1111 2597 στένοντα

152 2627 410 2715 ἐπιγελάσαντα,
434 2627 589 2716 ἀγνοεῖν,
619 2629 741 2719 φάναι,
772 2628 855 2697 διότι
880 2631 936 2698 ἐπὶ
962 2633 1048 2720 τῷδε
1080 2631 1115 2696 οί

151 2731 255 2799 πάλαι
281 2730 382 2816 σοφοὶ
408 2727 529 2818 ἀνδρες
555 2731 617 2816 τήν
643 2735 755 2818 Δίκην
782 2729 952 2819 πάρεδρον
978 2733 1025 2820 τῷ
1053 2735 1113 2799 Διί·

109 2861 136 2903 25
152 2835 314 2918 ἐποίησαν
332 2827 377 2910 οἱς
395 2827 414 2898 ό
430 2856 463 2899 τι
480 2827 522 2898 ἀν
540 2831 625 2920 πρὸς
642 2834 702 2900 τοῦ
722 2829 806 2910 Διὸς
824 2838 986 2920 κυρωθῇ,
1012 2833 1113 2898 τοῦτο

150 2934 215 3015 ξδν
233 2939 311 3020 δίκη
331 2933 581 3020 πεπραγμένον·
609 2933 666 3000 καί
685 2923 749 3000 οὖν
766 2933 824 3000 καί
841 2932 883 2999 τά
902 2935 937 3000 ἐκ
951 2933 1112 3019 βασιλέως

150 3033 298 3122 μεγάλου
315 3032 496 3120 γνγνόμενα
515 3037 628 3102 δίκαια
641 3037 761 3123 χρῆναι
772 3040 977 3121 νομίζεσθαι,
996 3035 1113 3120 πρῶτα

150 3135 213 3222 μὲν
231 3134 312 3221 πρὸς
336 3131 444 3203 αὐτοῦ
468 3135 642 3221 βασιλέως,
670 3141 779 3202 ἔπειτα
805 3135 889 3222 πρὸς
912 3140 981 3202 τῶν
999 3133 1113 3202 ἀλλων

151 3233 353 3322 ἀνθρώπων.
409 3241 516 3303 ταῦτα
542 3235 679 3304 είπόντα
706 3235 1016 3324 παραμυθήσασθαι
1049 3234 1145 3321 μένα

109 3366 137 3406 εο
147 3335 368 3425 Ἀλέξανδρον
383 3339 420 3406 ἐν
432 3341 481 3427 τῷ
490 3335 578 3404 τότε·
594 3335 698 3405 κακὰν
708 3335 746 3406 δδ
759 3337 856 3424 μέγα,
876 3335 920 3416 εδς
936 3335 1002 3422 ε’γιό
1015 3363 1109 3423 φημι,

153 3437 395 3525 ἐξεργάσασθαι
408 3434 616 3529 Ἀλεξάνδρῳ
638 3439 695 3506 καί
713 3445 824 3525 μεῖζον
845 3443 892 3506 ἔτι
908 3433 929 3524 ή
946 3436 1012 3528 ὄτφ
1035 3436 1111 3503 τότε

151 3539 335 3627 ξυνείχετο·
358 3549 451 3629 είπερ
474 3529 537 3607 οὖν
557 3541 666 3624 σοφοῦ
686 3538 810 3629 ἀνδρὸς
824 3537 925 3624 τήνδε
947 3543 1033 3623 ἔγνω
1052 3536 1113 3623 τήν

859 3647 909 3697 11·
