2650 3948
216 267 259 338 3ss
569 265 819 327 εκυπεποεοε

218 411 275 482 καὶ
292 416 353 480 τοῦ
368 409 592 498 στρατοπέδου
607 413 734 499 λιμένα,
754 412 946 492 ἐλπίσαντες
960 415 1060 493 κενάς
1072 439 1179 482 κατα·-

219 512 385 600 λήψεσθαι
410 510 470 592 τάς
492 505 714 598 Ἀλεξάνδρου
740 515 844 600 ναῦς,
870 511 921 582 ὅτι
945 509 1026 594 τούς
1051 514 1178 588 ναύτας

219 609 540 682 ἀποσκεδάννυσθαι
564 615 602 682 τδ
629 611 715 682 πολύ
734 610 800 682 άπὸ
819 619 889 683 τῶν
905 620 993 683 νεῷν
1009 613 1089 695 τοῦς
1113 614 1178 704 μὲν

220 715 276 784 ἐπὶ
293 719 534 806 φρυγανισμῷ,
551 712 631 794 τούς
649 713 687 782 δὲ
705 714 760 783 έπὶ
777 716 961 806 ξυγκομιδῇ
977 717 1046 784 τῷν
1064 719 1178 804 ἐπιτη-

220 821 333 902 δείων,
350 814 430 895 τούς
444 814 483 884 δὲ
495 815 552 883 καὶ
566 817 599 895 ές
612 813 783 906 προνομάς
798 817 1030 905 ταττομένους,
1044 840 1176 886 πεπυσ-
1204 843 1219 884 ο

219 917 313 1006 μένοι
329 909 426 1004 ἦσαν.
461 913 545 985 άλλά
562 917 661 1006 μέρος
684 918 748 1006 μέν
769 943 801 986 τι
817 914 908 1003 άπήν
931 923 1000 986 τῷν
1026 925 1176 988 ναυτῶν·

221 1015 258 1088 ἐκ
275 1017 314 1087 δὲ
330 1023 399 1087 τῷν
416 1016 593 1105 παρόντων
610 1017 855 1106 ξυμπληρώσας
866 1017 1082 1108 Ἀλέξανδρος
1096 1021 1178 1089 δέκα

171 1131 204 1181 10
220 1122 318 1206 ναῦς,
337 1116 381 1200 ῦς
399 1118 650 1208 προσπλεούσας
667 1118 727 1200 τάς
744 1119 844 1189 πέντε
859 1125 929 1189 τῷν
953 1127 1097 1208 Περσῦν
1113 1149 1177 1190 κα-

220 1225 326 1308 τεῖδε,
350 1221 470 1308 πέμπει
493 1216 545 1290 ἔπ’
573 1217 678 1301 αῦτάς
702 1219 785 1288 κατά
803 1221 974 1310 σπουδήν,
1001 1219 1177 1310 ἐμβάλλειν

220 1319 450 1416 άντιπρύρους
473 1319 643 1402 κελεύσας.
684 1325 720 1390 oc
740 1321 779 1390 δὲ
803 1319 841 1392 ἐν
863 1338 936 1403 ταῖς
959 1323 1058 1392 πέντε
1074 1324 1177 1394 ναυσί
1191 1351 1217 1391 ιο

220 1428 289 1492 τῷν
318 1429 484 1511 Περσῶν,
516 1420 561 1502 ῦς
586 1419 665 1508 παρ’
694 1421 815 1493 ἐλπίδα
841 1422 1069 1512 ἀναγομένους
1095 1425 1177 1506 τοῦς

221 1523 423 1605 Μακεδόνας
435 1522 492 1594 ἐπὶ
504 1529 592 1612 σφάς
602 1521 705 1610 εἶδον,
718 1521 990 1614 ὑποστρέψαντες
1000 1523 1037 1595 ε’κ
1046 1531 1177 1595 πολλοῦ

172 1637 202 1686 11
221 1631 368 1714 ἔφευγον
379 1623 463 1713 πρός
481 1621 518 1694 τό
532 1623 614 1694 άλλο
631 1622 798 1695 ναυτικόν.
832 1627 890 1696 καὶ
907 1624 928 1715 ή
945 1627 1007 1717 μὲν
1020 1625 1177 1697 Ἰασσέων

220 1733 305 1806 ναῦς
331 1725 499 1796 ἁλίσκεται
529 1723 644 1807 αύτοϊς
668 1724 830 1815 άνδράσιν
856 1725 895 1798 έν
921 1734 964 1818 τή
989 1735 1102 1820 φυγή,
1134 1727 1175 1799 οῦ

219 1831 491 1914 ταχυναυτοῦσα·
514 1831 551 1896 αί
566 1829 604 1896 δὲ
620 1827 777 1917 τέσσαρες
795 1836 952 1917 ἔφθασαν
968 1845 1176 1917 καταφυγεῖν
1190 1858 1215 1899 ιε

221 1935 270 2008 είς
287 1925 346 2008 τάς
363 1933 488 2008 οἰκείας
505 1928 656 2018 τριήρεις.
692 1925 781 1998 ούτω
805 1929 869 2018 μὲν
895 1929 937 2018 δή
961 1927 1177 2000 άπέπλευσαν

221 2030 383 2117 ἄπρακτοι
400 2027 437 2098 ἐκ
456 2029 606 2117 Μιλήτου
625 2033 661 2098 οί
676 2031 816 2119 Πέρσαι.

170 2120 214 2186 2⁰
294 2129 510 2220 Ἀλέξανδρος
524 2131 561 2199 δέ
575 2137 758 2200 καταλῦσαι
771 2138 857 2219 ἔγνω
869 2131 907 2203 τό
920 2133 1081 2205 ναυτικόν
1093 2163 1176 2224 χρη-

220 2231 335 2322 μάτων
351 2259 387 2300 τε
405 2229 443 2301 ἒν
459 2236 505 2324 τῷ
523 2230 598 2300 τότε
616 2229 739 2324 άπορίᾳ
756 2234 812 2301 καὶ
830 2233 898 2322 άμα
915 2231 980 2304 οῦκ
997 2233 1176 2324 άξιύμαχον

221 2331 358 2420 ὁρῷντδ
373 2330 480 2402 αὑτοῦ
492 2331 651 2402 ναυτικόν
663 2340 710 2426 τῷ
724 2341 892 2428 Περσικῷ,
906 2331 1033 2405 οῦκουν
1048 2339 1176 2407 έθέλωυ
1188 2365 1215 2406 εο
1318 2373 1319 2384 ¹

221 2433 302 2504 οὐδὲ
319 2435 410 2523 μέρει
426 2435 490 2503 τιυὶ
510 2441 569 2521 τῆς
587 2439 740 2524 στρατιάς
757 2437 980 2506 κινδυνεύειν.
1015 2437 1124 2519 άλλως
1141 2467 1177 2508 τε

222 2535 363 2623 ἐπενόει,
388 2537 536 2623 κατέχων
551 2534 617 2623 ήδη
634 2541 681 2628 τῷ
699 2541 783 2629 πεζῷ
800 2535 863 2624 τήν
877 2535 1008 2626 Ἀσίαν,
1027 2539 1077 2608 ὅτι
1099 2538 1177 2609 οῦτε

221 2642 382 2706 ναυτικοῦ
400 2643 447 2706 έτι
465 2637 582 2722 δέοιτο,
600 2636 659 2718 τάς
675 2664 711 2706 τε
730 2645 915 2726 παραλίους
933 2639 1046 2720 πόλεις
1064 2639 1177 2728 λαβύν

220 2737 399 2806 καταλύσει
422 2736 460 2806 τὸ
488 2744 632 2830 Περσῶν
658 2739 828 2826 ναυτικόν,
858 2739 938 2809 οῦτε
963 2738 1093 2812 ὁπόθεν
1118 2741 1176 2822 τάς

221 2832 409 2927 ύπηρεσίας
439 2839 744 2928 συμπληρώσουσιν
778 2839 855 2909 οῦτε
885 2839 952 2928 ὅπη
981 2848 1038 2930 τής
1065 2841 1176 2924 Ἀσίας
1188 2870 1213 2911 ει

222 2941 442 3028 προσέξουσιν
451 2946 596 3028 ἔχοντας.
615 2941 672 3008 καὶ
680 2940 740 3010 τόν
749 2939 848 3010 άετόυ
857 2941 962 3033 ταύτη
972 2945 1178 3030 συνέβαλλεν

223 3041 273 3110 ὅτι
291 3041 453 3129 ἐσήμηνεν
471 3036 563 3133 αύτῷ
589 3044 625 3110 ἐκ
647 3048 707 3130 τής
723 3049 785 3130 γῆς
801 3043 978 3132 κρατήσειν
994 3049 1063 3114 τῷυ
1079 3051 1175 3115 νεῶν.

188 3155 205 3204 2
303 3148 415 3212 Ταῦτα
439 3141 478 3211 δὲ
495 3141 758 3232 διαπραξάμενος
776 3145 831 3213 ἐπὶ
848 3151 979 3235 Καρίας
998 3147 1177 3234 ἐστέλλετο,

224 3243 273 3312 ὅτι
291 3246 327 3312 ἐν
340 3241 588 3336 Ἁλικαρνασσῷ
607 3248 846 3332 συνεστηκέναι
858 3242 900 3314 οῦ
919 3245 1052 3334 φαύλην
1070 3247 1177 3316 δύνα-

221 3371 279 3434 μιν
300 3349 369 3414 τῷν
391 3371 427 3414 τε
449 3343 630 3436 βαρβάρων
656 3347 713 3414 καὶ
731 3347 836 3427 ξένων
854 3349 1075 3434 ἐξηγγέλλετο.
1105 3347 1215 3418 ῦσαιω

223 3445 261 3516 δὲ
286 3448 322 3516 έν
348 3447 437 3539 μέσῷ
456 3445 569 3526 πόλεις
587 3446 742 3535 Μιλήτου
768 3473 804 3516 τε
826 3448 883 3516 καὶ
903 3446 1178 3539 Ἁλικαρνασσοῦ,

222 3547 345 3629 ταύτας
377 3550 409 3631 ἐξ
442 3545 566 3636 ἐφόδου
593 3547 706 3636 λαβωυ
732 3549 1071 3638 καταστρατοπεδεύει
1096 3551 1178 3638 πρὸς
