2650 3948
225 236 268 302 34
577 236 829 296 εεεωιειιεοε

181 385 217 451 18
298 372 353 450 Ἐν
375 377 483 472 τούτῳ
507 379 545 448 δὲ
570 381 606 448 ἐκ
631 383 831 466 Μαγνησίας
861 401 896 446 τε
922 375 979 444 καὶ
1006 371 1182 463 Τράλλεων

226 476 306 567 παρ’
345 477 450 550 αύτὸυ
478 471 561 568 ἧκον
591 479 780 560 ἐνδιδόντες
809 477 867 559 τοὶς
898 475 1026 556 πόλεις·
1057 473 1114 542 καὶ
1144 470 1181 554 ὃς
1301 437 1303 562 ό

226 580 347 668 πέμπει
364 587 601 669 Παρμενίωνα,
620 579 702 661 δούς
716 578 809 673 αύτῷ
827 584 1008 666 δισχιλίους
1025 576 1082 645 καὶ
1099 599 1180 646 πευ·

226 689 401 762 τακοσίους
424 680 540 765 πεζούς
562 687 632 751 τῶν
656 683 761 764 ξένων
778 681 835 750 καὶ
853 678 1054 758 Μακεδόνας
1072 701 1180 766 παρα-

226 788 406 871 πλησίους,
438 783 558 862 ἱππέας
588 783 627 852 δὲ
655 788 725 852 τοῖν
751 784 893 872 έταίρων
921 783 954 862 ἐς
979 784 1180 858 διακοσίους.
1207 810 1222 851 ε

227 889 423 972 Λυσίμαχον
447 883 485 953 δέ
508 881 567 952 τόν
589 881 834 970 Ἀγαθοκλέους
860 883 914 953 ἐπὶ
936 880 996 962 τάς
1020 883 1183 958 Αἰολίδας
1304 903 1305 922 ³

226 1011 263 1052 τε
285 983 397 1064 πόλεις
420 983 483 1066 ξύν
507 983 646 1074 δυνάμει
671 981 735 1054 ούκ
764 984 912 1056 ἐλάττονι
937 983 1097 1070 ἐξέπεμψε
1126 980 1184 1048 καὶ

194 1097 211 1146 2
229 1083 304 1153 ὅσαι
318 1082 460 1154 Ἰωνικαὶ
477 1082 545 1156 ύπό
563 1101 632 1166 τοῖς
649 1085 828 1176 βαρβάροις
850 1091 898 1155 ἔτι
913 1076 1012 1173 ἦσαν.
1051 1083 1107 1152 καὶ
1124 1080 1183 1161 τάς

227 1185 290 1274 μέν
308 1182 497 1276 ὀλιγαρχίας
511 1193 681 1274 πανταχοῦ
699 1186 879 1258 καταλύειν
893 1188 1057 1271 ἐκέλευσε,
1075 1189 1184 1271 δημο-

228 1293 364 1374 κρατίας
379 1287 416 1358 δὲ
430 1287 666 1375 ἐγκαθιστάναι
682 1289 739 1357 καὶ
756 1287 834 1368 τούς
847 1287 974 1376 νόμους
986 1284 1066 1366 τούς
1084 1290 1182 1372 σφῶν
1198 1317 1223 1357 ιο

230 1387 376 1470 ἑκάστοις
393 1387 597 1473 άποδούναι,
619 1389 675 1458 καὶ
691 1389 771 1472 τούς
788 1388 916 1477 φόρους
934 1386 1065 1458 άνεῑναι
1081 1385 1185 1467 ὅσους

228 1503 298 1569 τοῖς
323 1489 505 1580 βαρβάροις
530 1487 709 1579 άπέφερον.
748 1485 850 1571 αύτός
874 1489 913 1560 δδ
935 1488 1120 1577 ὑπομείνας
1147 1489 1185 1556 ἐν

233 1587 361 1682 Ἐφέσφ
384 1597 512 1660 θυσίαν
534 1618 570 1660 τε
592 1597 696 1661 ἔθυσε
715 1597 758 1681 τῇ
779 1589 944 1680 Ἀρτέμιδι
968 1592 1024 1660 καὶ
1047 1587 1185 1677 πομπὴν

230 1697 356 1778 έπεμψε
378 1689 441 1772 ξύν
463 1696 505 1780 τῇ
530 1699 665 1783 στρατιᾷ
683 1691 773 1783 πόση
793 1691 983 1781 ὡπλισμένῃ
1006 1691 1115 1762 τεκαὶ
1138 1687 1184 1770 άς
1308 1761 1309 1764 ,

230 1793 263 1871 ἐς
280 1790 389 1879 μάχην
406 1793 658 1883 ξυντεταγμένῃ.
1197 1821 1225 1865 ιε

192 1905 212 1954 3
310 1899 359 1980 Τῇ
377 1887 414 1961 δ’
437 1890 597 1986 ὑστεραίᾳ
620 1893 800 1982 άναλαβοδν
821 1901 891 1966 τεόν
913 1922 949 1964 τε
972 1899 1079 1978 πεζάν
1103 1891 1183 1974 τούς

230 1991 367 2073 λοιπούς
396 1995 453 2062 καὶ
481 1993 561 2075 τούς
588 1995 722 2078 τοξότας
745 1997 801 2065 καὶ
823 1995 904 2077 τούς
927 1992 1103 2085 Ἀγριᾶνας
1126 1995 1183 2062 καὶ

229 2091 309 2174 τούς
328 2100 462 2185 Θρᾷκας
487 2097 606 2178 ἱππέας
624 2098 680 2166 καὶ
703 2101 770 2167 τῶν
790 2099 931 2186 ἑταίρων
947 2096 1008 2184 τήν
1025 2124 1062 2166 τε
1085 2102 1182 2183 βασι-

229 2193 325 2282 λικὴν
343 2203 418 2284 ίλην
434 2198 491 2265 καὶ
508 2194 592 2284 πρός
608 2198 713 2289 ταύτη
730 2213 819 2288 τρεῖς
833 2197 936 2278 άλλας
955 2199 1010 2268 ἐπὶ
1027 2197 1183 2285 Μιλήτου

230 2298 414 2368 ἐστέλλετο·
444 2299 499 2366 καὶ
521 2297 583 2386 τὴν
605 2299 668 2388 μέν
700 2303 761 2382 ἐξω
785 2301 995 2388 καλουμένην
1024 2300 1123 2368 πόλιν
1149 2300 1182 2379 ἐξ
1196 2329 1226 2369 εο

230 2398 353 2486 ἐφόδου
371 2404 489 2488 ἐλαβεν
508 2399 703 2488 ἐκλιπούσης
715 2406 774 2488 τῆς
787 2407 955 2488 φυλακῆς·
976 2403 1126 2470 ἐνταῦθα
1144 2399 1183 2468 δὲ

229 2500 598 2590 καταστρατοπεδεύσας
616 2507 703 2588 ἐγνω
716 2498 927 2590 ἀποτειχίζειν
940 2501 1003 2589 την
1020 2512 1100 2572 είσω
1117 2497 1182 2570 πό-

193 2612 212 2660 4
230 2608 294 2670 λιν.
323 2593 582 2690 Ἡγησίστρατος
599 2602 676 2692 γάρ,
694 2600 759 2695 ότφ
775 2600 796 2689 ἡ
815 2600 948 2692 φρουρά
965 2601 987 2692 ἡ
1005 2608 1183 2690 Μιλησίων

230 2703 266 2769 ἐκ
282 2704 442 2787 βασιλέως
469 2703 704 2792 ἐπετέτραπτο,
730 2703 880 2792 πρόσθεν
903 2703 1078 2794 γράμματα
1101 2699 1181 2789 παρ’

226 2799 444 2892 Ἁλέξανδρον
467 2809 613 2892 ἔπεμπεν
640 2804 792 2885 ἐνδιδούς
821 2803 883 2893 την
906 2812 1077 2894 Μίλητον·
1108 2803 1182 2874 τότε
1195 2832 1224 2873 ιε

229 2903 268 2973 δέ
284 2898 523 2994 άναθαρρήσας
541 2905 597 2976 ἐπὶ
620 2911 668 2999 τῷ
686 2911 830 2994 Περσῶν
847 2912 976 2997 στρατῷ
994 2905 1034 2976 ού
1050 2904 1183 2996 μακράν

229 3004 301 3075 ὄντι
318 3007 487 3092 διασώζειν
503 3022 572 3090 τοῖς
587 3009 732 3098 Πέρσαις
750 3007 880 3078 ἐπενόει
895 3005 958 3096 τὴν
975 3007 1083 3078 πόλιν.
1115 3017 1183 3078 Nc*

228 3105 342 3198 κάνωρ
360 3108 398 3178 δέ
414 3108 452 3180 τό
472 3107 665 3196 Ἑλληνικόν
690 3108 848 3178 ναυτικόν
872 3107 965 3195 άγων
990 3106 1185 3197 ὑποφθάνει

228 3208 309 3291 τούς
327 3210 460 3300 Πέρσας
482 3211 591 3300 τρισὶν
614 3206 750 3296 ἡμέραις
773 3207 933 3300 πρότερος
950 3209 1183 3290 καταπλεύσας

228 3307 250 3399 ἢ
267 3317 309 3400 τῇ
328 3311 466 3404 Μιλήτφ
491 3309 568 3392 τούς
585 3311 720 3398 Πέρσας
737 3325 929 3398 προσσχεῖν,
946 3312 1002 3380 καὶ
1020 3309 1183 3399 ὁρμίζεται
1197 3343 1223 3384 ιο

229 3411 353 3482 ναυσὶν
376 3408 532 3499 ἑξήκοντα
556 3412 612 3480 καὶ
637 3409 755 3480 ἑκατόν
779 3413 815 3479 ἐν
839 3417 881 3500 τῇ
899 3410 991 3505 νήσῳ
1009 3419 1051 3502 τῇ
1069 3410 1182 3501 Λάδη·

297 3541 332 3582 αι
355 3512 393 3583 δέ
416 3513 501 3602 αὕτη
524 3513 578 3582 ἐπὶ
601 3518 643 3602 τῇ
661 3511 809 3607 Μιλήτῳ.
845 3516 883 3582 αί
899 3511 938 3582 δὲ
954 3519 1022 3582 τῶν
1039 3520 1184 3603 Περσῶν
