2664 3946
455 249 638 298 ιιιεεεῑιε
655 250 682 312 4,
701 251 742 300 ιι.
1056 250 1115 312 173

154 403 213 472 καί
232 403 462 494 Φαρασμάνην
485 406 661 484 ἐπαινέσας
683 430 720 474 τε
742 407 800 474 καὶ
823 411 940 493 φιλίαν
956 406 1013 474 καὶ
1032 403 1117 494 ξυμ·

155 510 280 593 μαχίαν
306 505 390 592 πρός
417 503 524 577 αύτόν
547 506 752 593 ξυνθέμενος
770 503 862 599 αύτῷ
880 505 943 594 μέν
960 505 1036 575 τότε
1053 506 1117 575 ούκ

156 612 220 693 ἐφη
239 608 275 674 έν
292 612 396 699 καιρῷ
414 604 502 676 εἶναι
521 605 674 676 ἐλαύνειν
688 608 744 676 ἐπὶ
758 605 819 676 τόν
832 606 982 678 Πόντον’
998 606 1115 696 Ἀρτα-

154 705 243 799 βάζῳ
268 706 306 776 δέ
328 713 377 800 τῷ
396 709 530 799 Πέρση,
557 706 624 799 ότφ
647 707 688 776 τά
706 715 882 797 Βακτρίων
905 709 938 789 ἐξ
958 705 1112 789 Ἀλεξάν-

128 812 240 896 οδρον
261 809 497 898 ἐπετέτραπτο,
523 809 580 877 καὶ
602 806 674 878 ὅσοι
692 807 786 878 ἄλλοι
803 808 992 896 πρόσχωροι
1007 808 1116 902 τούτῳ

155 908 322 996 σατράπαι
345 909 510 997 ξυστήσας
538 909 768 999 Φαρασμάνην
793 907 983 998 ἀποπέμπει
1009 911 1042 990 ἐς
1074 907 1115 978 τά

155 1009 223 1098 ἤδη
246 1009 287 1080 τά
315 1003 432 1080 αύτοῦ.
477 1009 570 1102 αὐτῷ
595 1009 633 1080 δέ
650 1009 691 1078 τά
707 1005 824 1080 Ἰνδῶν
841 1016 905 1099 ἐφη
925 1013 962 1079 ἐν
977 1015 1025 1102 τῷ
1043 1010 1118 1080 τότε

154 1112 276 1198 μέλειν.
328 1111 471 1192 τούτους
502 1108 568 1201 γάρ
595 1111 908 1199 καταστρεψάμενος
935 1116 1047 1180 πᾶσαν
1074 1106 1150 1182 &ve

155 1210 218 1300 ἤδη
238 1219 324 1299 ἐχειν
340 1211 403 1300 τὴν
417 1209 548 1283 Ἀσίαν·
568 1214 724 1302 ἐχομένης
743 1212 781 1282 δέ
799 1215 858 1300 τῆς
868 1211 981 1292 Ἀσίας
1001 1214 1117 1282 ἐπανι-

117 1333 142 1374 10
158 1314 230 1382 έναι
256 1317 289 1394 ές
311 1311 541 1402 τὴνἙλλάδα·
570 1317 700 1384 ἐκεσθεν
726 1313 765 1384 δὲ
792 1307 848 1402 ἐφ’
871 1311 1117 1401 Ἑλλησπόντου

156 1441 191 1484 τε
217 1415 274 1482 καὶ
298 1419 358 1501 τῆς
381 1419 613 1501 Προποντίδος
639 1413 702 1494 ξύν
725 1420 767 1505 τῇ
791 1414 935 1503 δυνάμει
958 1413 1050 1502 πάση
1074 1419 1117 1502 τῇ

156 1542 192 1584 τε
208 1521 351 1605 ναυτικῇ
374 1516 430 1584 καὶ
447 1520 489 1605 τῇ
508 1518 619 1606 πεζικῇ
639 1515 768 1586 ἐλάσειν
786 1525 866 1585 είσω
881 1517 943 1584 τού
961 1516 1116 1586 Πόντου·

158 1616 214 1684 καὶ
240 1619 274 1696 ἐς
299 1616 337 1685 τό
364 1616 438 1686 τότε
463 1615 557 1703 ἠξίου
585 1615 775 1686 ἀποθέσθαι
800 1615 1027 1705 Φαρασμάνην
1053 1613 1117 1686 ὅσα

159 1721 196 1786 ἐν
221 1723 272 1809 τῷ
299 1725 490 1806 παραυτίκα
517 1719 746 1805 ἐπηγγέλλετο.

119 1839 143 1879 1⁵
233 1813 347 1898 Λάιός
374 1818 412 1887 δδ
438 1819 493 1886 ἐπὶ
518 1811 690 1897 τόυὩξόν
711 1845 747 1888 τε
766 1814 915 1906 ποταμόν
939 1816 993 1907 ᾔει
1018 1807 1150 1898 αύδιςτ

158 1919 216 1988 καὶ
235 1921 268 2000 ἐς
285 1916 347 2007 την
366 1919 560 2007 Σογδιανὴν
577 1934 763 2009 προχωρεῖν
783 1920 937 2006 ἐγνώκει,
965 1916 1015 1988 ότι
1032 1926 1115 1987 πολ·

158 2018 240 2100 λαός
257 2026 327 2090 τεόν
345 2024 545 2106 Σογδιανῶν
566 2022 599 2100 ἐς
616 2019 658 2089 τά
678 2019 824 2109 ἐρύματα
848 2020 1119 2108 ξυμπεφευγέναι

157 2119 336 2208 ἠγγέλλετο
362 2118 445 2190 οόδέ
477 2123 606 2190 ἐθέλειν
632 2121 830 2191 κατακούειν
855 2123 917 2189 τοῦ
945 2119 1117 2207 σατράπου

158 2220 248 2304 ὅστις
266 2220 380 2303 αὐτοῖς
400 2224 433 2304 ἐξ
450 2217 671 2310 Ἀλεξάνδρου
692 2223 893 2292 ἐπετέτακτο.
933 2242 1118 2310 στρατοπε-

118 2347 145 2387 εο
159 2323 317 2404 δεύοντος
335 2323 373 2392 δέ
391 2321 495 2392 αύτοῦ
517 2323 570 2393 έπλ
587 2329 635 2414 τῷ
653 2327 790 2414 ποταμῷ
814 2321 959 2415 τῷὮξφ
984 2319 1025 2391 ού
1051 2348 1114 2408 μα-

158 2424 244 2512 κράν
261 2430 319 2512 τῆς
336 2426 460 2511 σκηνῆς
473 2429 530 2513 τῆς
544 2419 652 2494 αὐτοῦ
659 2422 879 2512 Ἀλεξάνδρου
894 2422 982 2510 πηγὴ
995 2421 1118 2502 ὕδατος

158 2527 214 2594 καὶ
239 2524 323 2614 άλλη
348 2528 462 2594 ἐλαίου
488 2523 577 2613 πηγή
602 2532 746 2612 πλησίον
770 2521 873 2611 αὐτῆς
891 2521 1020 2612 άυέσχε.
1061 2524 1151 2592 καῖε

159 2633 357 2718 Πτολεμαίῳ
372 2631 418 2717 τῷ
426 2625 543 2712 Λάγου
556 2629 603 2717 τῷ
619 2625 877 2713 σωματοφύλακι
891 2623 1003 2712 έπειδῆ
1019 2628 1118 2712 ἐσηγ-

157 2729 264 2815 γέλθη
292 2726 330 2796 τό
355 2728 471 2814 τέρας,
498 2735 707 2814 Πτολεμαῖος
730 2724 935 2819 Ἀλεξάνδρῳ
961 2731 1117 2814 ἔφρασεν.

118 2853 145 2894 τε
155 2826 372 2916 Ἀλέξανδρος
390 2827 428 2897 δέ
442 2834 545 2898 έδυεν
559 2828 614 2896 ἐπὶ
628 2833 676 2918 τῷ
694 2828 841 2916 φάσματι
857 2825 920 2896 ὅσα
937 2831 973 2896 οί
986 2827 1118 2914 μάντεις

160 2933 348 3018 ἐξηγοῦντο.
376 2927 613 3017 Ἀρίστανδρος
628 2929 665 2997 δέ
678 2929 794 2998 πόνων
807 2926 894 2996 είναι
908 2943 1045 3016 σημεῖον
1057 2933 1118 2995 τού

161 3033 275 3100 ἐλαίου
293 3029 356 3117 τήν
374 3028 487 3117 πηγὴν
506 3037 664 3116 ἔφασκεν·
683 3027 767 3098 άλλά
785 3031 841 3096 καὶ
858 3036 957 3118 νίκην
975 3030 1031 3098 ἐπὶ
1048 3044 1117 3108 τοῖς

159 3131 274 3212 πόνοις
300 3137 484 3220 σημαίνειν.

232 3231 361 3321 Διαβὰς
387 3223 450 3302 οὖν
485 3231 547 3311 ξύν
579 3233 670 3320 μέρει
700 3234 759 3319 τῆς
792 3233 947 3320 στρατιάς
990 3233 1023 3310 ἐς
1055 3228 1116 3316 τὴν
1128 3228 1164 3292 16

119 3358 144 3400 ιο
159 3332 368 3421 Σογδιανήν,
404 3332 687 3420 Πολυσπέρχοντα
720 3332 759 3401 δὲ
787 3333 843 3401 καὶ
866 3329 1029 3402 ’Ἄτταλον
1061 3332 1117 3399 καὶ

158 3441 306 3523 Γοργίαν
319 3435 375 3504 καὶ
390 3433 590 3520 Μελέαγρον
603 3430 708 3501 αὐτοῦ
725 3435 761 3502 έν
775 3431 937 3522 Βάκτροις
950 3428 1116 3502 ύπολιπό-

155 3561 254 3619 μενος
268 3534 396 3616 τούτοις
417 3534 479 3625 μέν
501 3532 701 3622 παρήγγειλε
721 3534 782 3618 τήν
802 3561 838 3606 τε
856 3533 969 3623 χάραν
990 3535 1027 3602 έν
1047 3559 1115 3620 φυ-
