2664 3946
507 243 689 294 ευιεεετε
705 246 735 307 ι,
755 247 779 298 1.
1057 239 1117 306 149

153 425 228 468 τινα
259 404 389 486 μάλλον
421 395 585 487 ῶχύρουν.
641 400 902 490 ξυνεπελάβοντο
935 399 974 470 δὲ
1005 397 1150 481 αύτοϊςε

154 505 212 588 τῆς
250 497 463 580 ἀποστάσεως
496 503 553 570 καὶ
588 507 656 569 τῶν
689 505 889 589 Σογδιανῶν
920 505 955 570 οί
986 507 1118 588 πολλοί,

157 601 359 690 ἐπαρθέντες
385 598 470 688 πρὸς
494 607 563 670 τῶν
589 603 825 692 ξυλλαβόντων
851 607 1004 690 Βῆσσον,
1036 600 1120 671 ὥστε

156 703 212 770 καὶ
236 703 306 772 τῶν
330 709 548 790 Βακτριανῶν
580 709 669 782 ἐστιν
700 702 762 784 ούς
786 723 900 791 σφισιν
924 693 1016 772 οὗτοι
1037 705 1118 784 ξυν-

131 803 360 891 ιαπέστησαν,
388 813 454 874 είτι
471 803 514 892 δή
531 805 587 872 καὶ
605 809 780 885 δείσαντας
795 803 1027 892 Ἀλέξανδρον,
1054 814 1120 874 είτε

154 904 212 972 καὶ
238 903 339 990 λόγον
367 905 422 974 ἐπὶ
447 910 490 992 τῇ
517 902 698 974 ἀποστάσει
725 905 890 993 διδόντες,
924 902 974 974 ὅτι
1000 907 1033 986 ἐς
1059 907 1119 975 ἕνα

155 1004 320 1092 ξύλλογον
357 1007 550 1094 ἐπηγγέλκει
580 1004 797 1097 Ἀλέξανδρος
832 1009 1010 1089 ξυνελθεῖν
1041 1005 1121 1086 τούς

154 1105 328 1196 ὑπάρχους
360 1108 421 1192 της
452 1105 562 1196 χῶρας
593 1110 720 1195 ἐκείνης
755 1113 802 1188 είς
830 1113 1024 1195 Ζαρίασπα,
1057 1105 1120 1195 τὴν

154 1215 315 1297 μεγίστην
332 1205 441 1294 πόλιν,
461 1207 506 1288 ῶς
525 1206 579 1277 ἐπ’
599 1204 721 1302 άγαθῶ
739 1206 857 1278 οάδενλ
873 1213 936 1278 τού
953 1207 1120 1295 ξυλλόγου

120 1336 145 1376 ιο
158 1309 368 1397 γιγνομένου.

238 1415 352 1480 Ταῦτα
370 1401 414 1490 ῶς
437 1406 632 1500 ἀπηγγέλθη
648 1407 869 1503 Ἀλεξάνδρῳ,
895 1417 1119 1506 παραγγείλας
1135 1411 1156 1476 2

155 1526 225 1591 τοῖς
258 1517 366 1594 πεζοῖς
397 1509 481 1578 κατά
516 1511 635 1598 λόχους
667 1519 829 1599 κλίμακας
855 1521 1023 1581 ποιεῖσθαι
1048 1509 1122 1581 όσαι

159 1611 286 1704 ἑκάστῳ
319 1610 408 1702 λόχῳ
441 1613 713 1701 ἐπηγγέλθησαν,
748 1610 851 1692 αύτός
883 1612 946 1700 μὲν
980 1613 1033 1682 ἐπὶ
1059 1611 1121 1699 τὴν

157 1712 293 1800 πρωτην
332 1711 398 1780 άπδ
435 1718 496 1782 τού
535 1714 762 1798 στρατοπέδου
800 1712 982 1802 ὁρμηθέντι
1023 1712 1122 1783 πόλιν

119 1839 144 1880 ιε
158 1808 360 1903 προύχῶρει,
387 1804 412 1902 ᾖ
438 1811 543 1901 ὄνομα
568 1807 613 1902 ἦν
638 1814 741 1897 Γάζα·
769 1817 802 1894 ἐς
828 1813 892 1902 γάρ
912 1813 993 1884 ἑπτά
1010 1813 1122 1894 πόλεις

157 1915 431 2003 συμπεφευγέναι
458 1915 612 2002 ἐλέγοντο
633 1919 668 1985 ολ
684 1918 720 1984 ἐκ
737 1917 795 2004 τῆς
813 1915 922 2004 χῶρας
939 1912 1120 2004 βάρβαροι·

157 2015 334 2104 Κράτερον
351 2015 389 2084 δὲ
407 2016 565 2104 έκπέμπει
578 2018 662 2105 πρὸς
679 2015 744 2104 τήν
756 2017 968 2106 καλουμένην
982 2017 1121 2106 Κυρού-
1139 2036 1154 2083 2

157 2125 272 2204 πολιν,
313 2115 397 2206 ἥπερ
437 2123 575 2207 μεγίστη
613 2123 731 2187 πασῶν
768 2119 826 2187 καὶ
867 2121 900 2198 ἐς
939 2113 1047 2206 αύτὴυ
1089 2121 1126 2187 οί

158 2227 306 2287 πλεῖστοι
324 2219 567 2306 ξυνειλεγμένοι
579 2211 666 2306 ἦσαν
679 2222 749 2297 τῶν
764 2217 954 2308 βαρβάρων.
991 2217 1121 2308 παρήγ·
1177 2242 1179 2246 ’

118 2345 145 2385 νο
158 2327 255 2405 γελτο
282 2317 321 2388 δέ
338 2317 429 2410 αύτῷ
456 2325 737 2409 στρατοπεδεῦσαι
760 2325 977 2408 πληοίοντῆς
994 2320 1122 2400 πόλεως

158 2420 216 2490 καὶ
241 2419 370 2508 τάφρον
387 2446 423 2490 τε
450 2423 487 2490 ἐν
511 2419 628 2512 κύκλῳ
646 2418 749 2508 αὐτῆς
775 2419 893 2508 ὀρύξαι
919 2421 975 2488 καὶ
993 2419 1123 2507 χάρακα

160 2521 398 2608 περιβαλέσθαι
423 2521 479 2590 καλ
504 2520 563 2600 τάς
587 2520 738 2608 μηχανάς
765 2519 858 2600 ὅσαις
875 2524 1020 2610 χρῆσθαι
1037 2523 1122 2609 ξυμ-

159 2621 340 2708 πηγνύναι,
360 2619 404 2701 ῶς
421 2621 506 2710 πρός
523 2620 602 2702 τούς
620 2622 706 2710 άμφλ
719 2622 894 2710 Κράτερον
910 2621 972 2710 την
985 2621 1124 2711 γνῶμην

158 2723 376 2812 τετραμμένοι
409 2729 445 2792 ολ
478 2725 514 2792 ἐκ
546 2725 605 2810 τῆς
639 2723 767 2804 πόλεως
807 2722 928 2811 ταύτης
963 2721 1125 2793 άδύνατοι

118 2814 221 2894 εεῶσι
252 2838 325 2904 ταῖς
358 2822 478 2904 άλλαις
516 2824 654 2893 πόλεσιν
686 2827 882 2910 ἐπωφελεῖν.
947 2819 1050 2906 αύτός
1085 2823 1157 2894 δέ3

162 2927 217 2995 ἐπὶ
241 2924 303 3012 τὴν
330 2923 440 3008 Γάζαν
466 2926 537 2993 ἐπεὶ
563 2920 719 3013 άφίκετο,
746 2919 792 3006 ῶς
819 2924 907 3013 εἶχεν
935 2927 967 3007 ἐξ
996 2925 1123 3014 ἐφόδου

161 3034 313 3117 σημαίνει
329 3026 553 3114 προσβάλλειν
579 3031 626 3118 τῷ
643 3035 755 3115 τείχει,
781 3033 889 3120 γηΐνῳ
916 3053 952 3096 τε
977 3029 1034 3096 καὶ
1059 3024 1123 3116 ούχ

160 3127 282 3220 ύφηλῷ
308 3123 398 3213 όντι,
431 3129 641 3216 προσθέντας
667 3130 705 3197 ἐν
729 3126 843 3219 κύκλφ
870 3127 1040 3198 πάντοθεν
1064 3127 1124 3208 τάς

160 3236 337 3318 κλίμακας·
365 3233 401 3297 ολ
424 3229 462 3298 δὲ
489 3231 711 3316 σφενδονῆται
737 3227 831 3320 αύτῷ
857 3231 912 3297 καλ
939 3234 976 3298 οί
996 3229 1124 3310 τοξόται

118 3357 196 3405 sote
226 3333 283 3399 καὶ
316 3333 353 3398 οί
381 3324 572 3399 άκοντισταλ
598 3327 683 3417 ὁμοῦ
709 3332 751 3419 τῇ
781 3329 893 3422 ἐφόδῳ
919 3333 987 3398 τῶν
1019 3335 1125 3412 πεζῶν

161 3431 367 3520 ἐσηκόντιζον
394 3438 443 3510 είς
469 3429 548 3510 τούς
574 3431 848 3519 προμαχομένους
875 3429 941 3499 άπὸ
967 3434 1027 3500 τοῦ
1054 3439 1124 3502 τεί-

160 3559 241 3620 χους
267 3532 324 3600 καί
352 3532 433 3620 βέλη
460 3528 526 3600 άπὸ
554 3537 713 3620 μηχανῶν
739 3529 874 3620 ἠφίετο,
908 3531 993 3600 ῶστε
1024 3529 1124 3613 ὀξέως
