2664 3946
232 264 293 328 140
585 263 836 321 ελωεεαιεοε

231 407 471 491 ξυμμετασχεῖν
492 407 720 490 Παρμενίωνα
742 409 788 490 τῷ
803 403 898 469 παιδὶ
917 409 980 470 τοῦ
1002 405 1187 491 βουλεύμα-

230 530 302 584 τος·
332 505 437 592 τυχόν
451 507 488 574 δὲ
511 505 578 591 ὅτι,
602 508 633 572 εί
650 507 708 572 καλ
721 504 766 591 μὴ
783 507 998 592 ξυμμετέσχε,
1021 504 1190 592 σφαλερός
1310 535 1317 549 ¹

230 607 295 694 ἤδη
317 601 361 694 ἦν
382 607 509 694 περιιόν
531 610 737 692 Παρμενίων
757 613 820 673 τοῦ
842 605 961 685 παιδός
982 607 1088 674 αύτοῦ
1108 607 1189 694 ἀνη-

232 710 396 794 ρημένου,
432 709 471 776 ἐν
497 709 644 793 τοσαύτη
672 708 721 776 τόν
748 708 882 786 ἀξιύσει
915 709 1006 793 παρό
1036 733 1073 774 τε
1100 707 1191 794 αύτῷ

229 805 434 898 Ἀλεξάνδρῳ
456 811 513 876 καί
535 812 570 888 ἐς
595 809 634 876 τό
657 809 739 877 ἀλλο
763 811 971 896 στράτευμα,
1000 808 1045 895 μὴ
1073 810 1125 876 ὅτι
1151 807 1216 879 τότ

231 912 488 996 Μακεδονικόν,
518 910 604 977 ἀλλά
619 913 758 978 καὶτῶν
773 910 887 977 ἀλλων
901 912 1023 996 ξένων,
1047 905 1096 977 όν
1110 915 1190 976 πολ-

233 1012 327 1088 λάκις
355 1013 412 1077 καὶ
440 1014 478 1079 ε’ν
511 1017 558 1099 τῷ
584 1015 678 1097 με’ρει
711 1011 767 1077 καλ
794 1010 885 1097 παρά
916 1011 954 1078 τδ
982 1013 1081 1098 με’ρος
1108 1012 1191 1077 κατά

233 1113 416 1196 πρόσταξιν
436 1112 500 1198 τὴν
519 1113 740 1198 Ἀλεξάνδρου
763 1113 825 1191 ξύν
846 1115 956 1198 χάριτι
979 1115 1138 1198 ἐξηγεῖτο.

184 1223 223 1290 27
320 1215 469 1298 Λέγουσι
490 1214 528 1280 δὲ
542 1215 599 1279 καλ
611 1213 776 1299 Ἀμύνταν
798 1211 858 1279 τόν
870 1213 1089 1299 Ἀδρομίνους
1109 1211 1192 1279 κατά

232 1313 294 1383 τόν
313 1312 419 1381 αύτόν
441 1315 566 1399 χρόνον
587 1314 782 1400 ὑπαχθῆναι
805 1317 840 1392 ἐς
866 1319 980 1402 κρίσιν
1006 1316 1063 1380 καὶ
1083 1315 1192 1381 Πολὲ-
1206 1348 1231 1388 10

233 1441 329 1502 μωνα
361 1417 417 1482 καὶ
449 1415 611 1482 Ἀτταλον
648 1419 704 1482 καλ
738 1420 887 1501 Σιμμίαν
921 1415 1000 1494 τούς
1029 1414 1193 1501 Ἀμύντου

234 1517 422 1603 ἀδελφούς,
446 1517 491 1595 ὥς
512 1518 802 1602 ξυμμετασχόντας
823 1521 880 1582 καλ
902 1515 1027 1594 αύτούς
1040 1522 1098 1603 τῆς
1121 1518 1193 1583 ἐπι-

234 1624 361 1705 βουλῆς
385 1624 445 1705 τῆς
471 1617 546 1685 κατ’
570 1617 791 1704 Ἀλεξάνδρου
821 1617 906 1684 κατά
933 1622 1046 1684 πίστιν
1073 1643 1109 1684 τε
1137 1619 1195 1684 καί

203 1740 218 1788 ε
237 1721 386 1806 ἑταιρίαν
407 1719 471 1804 την
493 1720 638 1785 Φιλύτα.
666 1721 723 1785 καλ
746 1719 857 1786 ἐδόκει
877 1720 1056 1804 πιστοτέρα
1077 1717 1098 1804 ἡ
1122 1720 1193 1785 ἑπι-

235 1820 343 1906 βουλη
360 1822 395 1897 ἐς
408 1819 447 1886 τό
461 1824 602 1906 πλῆθος,
626 1819 678 1886 ὅτι
692 1821 869 1906 Πολέμων,
890 1811 937 1898 εἷς
950 1826 1019 1886 τῶν
1034 1820 1193 1905 ἀδελφῶν
1208 1853 1233 1892 15

235 1928 305 1988 τῶν
336 1922 518 2007 Ἀμύντου,
552 1923 804 2007 ξυλληφθέντος
838 1923 974 1988 Φιλιότα
1003 1926 1130 2007 ἔφυγεν
1160 1923 1195 2000 ἐς

236 2025 316 2101 τούς
330 2027 519 2110 πολεμίους.
553 2021 628 2089 ἀλλ’
646 2023 808 2108 Ἀμύντας
822 2048 861 2106 γε
876 2023 937 2102 ’ξύν
952 2035 1021 2101 τοῖς
1036 2022 1196 2107 ἀδελφοῖς

238 2123 420 2211 ὑπομείνας
439 2123 500 2210 τὴν
515 2126 615 2208 δίκην
630 2129 691 2190 καί
708 2123 1002 2209 ἀπολογησάμενος
1024 2124 1062 2190 ἐν
1076 2129 1195 2189 Μακε-
1321 2145 1322 2164 ¹

239 2219 315 2293 δόσι
335 2231 506 2310 καρτεροῖς
532 2223 666 2310 ἀφίεται
686 2231 745 2310 τῆς
772 2227 893 2304 αίτίας·
938 2227 994 2292 καί
1023 2224 1128 2302 εύθύς
1150 2223 1196 2303 ἀς

238 2326 413 2413 ἀπέφυγεν
446 2328 486 2394 ἐν
516 2333 557 2414 τῇ
592 2329 752 2414 ἐκκλησία
784 2326 926 2412 ἠξίωσεν
960 2326 1129 2412 ἐφεθῆναί
1162 2329 1198 2392 οί
1209 2359 1235 2398 20

240 2431 356 2498 ἐλθεῖν
377 2417 468 2514 παρά
489 2426 549 2495 τδν
574 2427 725 2513 ἀδελφόν
751 2428 808 2494 καλ
836 2431 1062 2512 ἐπαναγαγεῖν
1090 2426 1195 2494 αύτδν

205 2532 320 2615 3παρ’
340 2531 574 2615 Ἀλέξανδρον·
598 2532 655 2596 καλ
677 2531 713 2596 οί
732 2531 929 2608 Μακεδόνες
951 2531 1193 2615 ξυγχωροῦσιν.

239 2633 258 2699 ὁ
281 2634 319 2698 δὲ
334 2631 494 2699 ἀπελθών
509 2630 594 2718 αύτῇ
609 2637 650 2717 τῇ
671 2631 778 2718 ἡμέρᾳ
792 2630 853 2698 τὸν
867 2633 1054 2717 Πολέμωνα
1071 2632 1196 2716 ἐπανή-

239 2757 336 2818 γαγε·
371 2736 428 2799 καί
453 2735 559 2819 ταύτη
580 2731 669 2799 πολύ
691 2737 740 2799 ἔτι
761 2738 890 2819 μᾶλλον
915 2733 938 2819 ἢ
959 2735 1112 2817 πρόσθεν
1134 2734 1196 2811 ἔξω

240 2837 349 2912 αἰτίας
365 2836 474 2919 ἐφάνη
486 2834 657 2921 Ἀμύντας.
688 2833 764 2900 ἀλλ’
781 2833 897 2919 ὀλίγον
911 2860 950 2919 γε
964 2833 1110 2918 ὕστερον
1130 2835 1195 2900 κατ’·
1209 2865 1237 2907 τε

241 2962 307 3022 μην
318 2935 393 3002 τινά
403 2941 595 3020 πολιορκῶν
607 2934 778 3014 τοξευθεὶς
793 2937 831 3004 ἐκ
846 2942 906 3022 τῆς
919 2942 1047 3021 πληγῆς
1063 2936 1197 3003 ἐτελεύ-

241 3056 353 3123 τησεν,
369 3036 455 3104 ύστε
471 3036 573 3104 ούδὲν
588 3039 691 3103 πλέον
706 3037 798 3124 αύτῷ
812 3041 992 3122 γίγνεσθαι
1006 3037 1068 3123 τὴν
1082 3041 1197 3120 κρίσιν

241 3139 453 3225 ἀποφυγόντι
475 3138 525 3204 ὅτι
546 3139 591 3224 μὴ
613 3138 731 3225 ἀγαθῷ
752 3142 956 3226 νομιζομένῳ
978 3137 1176 3206 ἀποθανεῖν.

207 3256 226 3307 4
322 3239 537 3323 Ἀλέξανδρος
558 3242 611 3325 δέ,
639 3243 847 3326 καταστήσας
870 3242 925 3308 ἐπὶ
945 3239 1024 3317 τούς
1046 3241 1199 3324 ἑταίρους

242 3344 408 3428 ίππάρχας
430 3343 504 3426 δύο,
522 3341 752 3425 Ἡφαιστίωνά
777 3365 814 3407 τε
839 3339 901 3407 τόν
921 3340 1121 3427 Ἀμύντορος
1142 3343 1198 3406 καὶ
1213 3371 1240 3412 ³0

241 3449 385 3511 Κλεῖτον
405 3441 465 3508 τόν
480 3445 682 3528 Δρωπίδου,
705 3444 761 3508 καὶ
784 3444 860 3526 δίχα
878 3441 1000 3509 διελύν
1021 3441 1084 3528 τὴν
1104 3443 1199 3520 τάξιν

241 3553 310 3614 τοῖν
343 3547 500 3630 ἑταίρων,
533 3542 586 3612 ότι
614 3543 695 3611 οὐδὲ
728 3547 839 3628 φίλων
871 3544 914 3610 ἀν
945 3543 1109 3629 ἠβούλετο
1138 3545 1200 3610 ἕνα
