2664 3946
504 219 685 272 ΑΝΑΒΑΣΙΣ
702 221 727 282 4,
748 221 787 270 12.
1069 217 1128 280 167

169 376 337 466 Καμβύσῃ
370 374 451 446 ούδδ
483 376 589 466 Ξέρξη
626 373 770 457 ξυνόντα
795 370 816 462 ή
842 373 1129 464 συμβουλεύοντα,

167 477 254 548 ἀλλὰ
288 484 457 548 Φιλίππου
496 477 559 564 μὲν
599 481 710 562 παιδί,
751 469 951 566 Ἡρακλείδῃ
985 475 1022 544 δέ
1061 470 1129 544 άπδ

168 581 289 667 γένους
315 579 372 648 καὶ
398 583 555 667 Αἰακίδῃ,
583 575 665 646 ὅτου
693 581 730 644 οι*
750 576 910 663 πρόγονοι
937 579 970 658 ἐξ
983 575 1128 663 ’Ἁργους

170 687 218 761 είς
236 685 454 751 Μακεδονίαν
471 671 591 767 ήλθον,
613 674 693 746 οόδδ
711 683 782 767 βία,
802 677 885 746 ἀλλὰ
903 678 996 770 νόμῳ
1011 683 1130 747 Μακε-

143 781 281 850 εδόνων
298 780 456 868 ἄρχοντες
474 780 672 849 διετέλεσαν.
706 773 834 847 ούκούν
859 773 940 848 ούδδ
964 776 1056 870 αύτῷ
1082 783 1163 870 τῷτ

166 877 324 970 Ἠρακλεῖ
347 886 444 964 ζῶντι
470 887 517 950 ἔτι
541 891 633 950 θεῖαι
657 879 748 967 τιμαὶ
772 875 847 965 παρ’
863 879 1030 967 Ἑλλήνων
1056 881 1130 965 ἐγέ-

170 1009 281 1070 νοντο,
305 979 377 1051 ἀλλ’
403 980 486 1052 ούδδ
508 978 740 1067 τελευτήσαντι
761 980 912 1066 πρόσθεν
929 977 950 1068 ή
968 979 1052 1068 πρὸς
1068 985 1130 1049 τοῦ

169 1086 253 1154 θεοῦ
271 1088 332 1152 τοῦ
351 1085 387 1152 ἐν
404 1091 555 1169 Δελφοῖς
573 1083 850 1167 ἐπιθεσπισθῆναι
869 1075 914 1162 τός
931 1078 1015 1150 θεόν
1032 1083 1131 1169 τιμάν

166 1183 339 1274 Ἡρακλέα.
393 1191 426 1254 εἰ
450 1185 500 1272 δέ,
527 1181 579 1252 ὅτι
603 1184 640 1251 ἐν
656 1185 697 1271 πή
722 1181 881 1274 βαρβάρῳ
906 1188 952 1272 γή
979 1186 1015 1251 οί
1038 1183 1132 1269 λόγοι

132 1293 354 1372 ιογίγνονται,
380 1282 567 1373 βαρβαρικά
586 1281 647 1371 χρή
673 1289 760 1369 ἔχειν
777 1281 818 1350 τά
840 1283 1049 1372 φρονήματα,
1074 1283 1129 1352 καί

172 1386 236 1473 ἐγώ
250 1392 308 1472 τής
323 1384 479 1466 Ἑλλάδος
496 1389 692 1474 μεμνῆσθαί
708 1404 744 1451 σε
761 1377 854 1470 άξιεῑ,
881 1375 907 1452 ὦ
922 1381 1132 1471 Ἀλέξανδρε,

171 1479 209 1575 ής
228 1490 326 1556 ἕνεκα
344 1485 362 1558 ὁ
381 1490 446 1566 πᾶς
465 1485 583 1566 στόλος
608 1505 660 1553 σοι
678 1484 826 1570 ἐγένετο,
852 1495 1052 1572 προσθεῖναι
1069 1485 1131 1572 τήν

169 1587 282 1658 Ἀσίαν
296 1591 337 1676 τή
348 1585 489 1657 Ἑλλάδι.
516 1587 573 1655 καί
586 1577 650 1655 οὖν
664 1584 890 1672 ἐνθυμήθητι,
907 1588 1011 1655 ἐκεῖσε
1025 1589 1129 1654 ἐπαν-
1149 1599 1167 1650 8

173 1687 285 1758 ελθοδν
310 1679 376 1777 ἆρά
402 1713 440 1774 γε
465 1688 520 1756 καί
551 1685 631 1766 τούς
648 1683 810 1772 Ἕλληνας
833 1685 914 1766 τούς
945 1689 1132 1774 ἐλευθερω-

134 1817 158 1858 15
171 1789 291 1870 τάτους
304 1788 589 1878 προσαναγκάσεις
605 1791 637 1866 ἐς
650 1786 713 1873 τήν
725 1785 966 1876 προσκύνησιν,
984 1782 1132 1874 ήἙλλή·

172 1918 242 1960 νων
259 1889 321 1979 μὲν
338 1889 458 1978 άφέξη,
482 1889 657 1960 Μακεδόσι
680 1886 718 1956 δὲ
735 1888 937 1977 προσθήσεις
954 1889 1054 1976 τήνδε
1071 1886 1132 1976 τήν

171 1989 325 2080 άτιμίαν,
359 1987 380 2078 ή
407 1991 640 2079 διακεκριμένα
672 1993 763 2058 ἐσται
789 2010 840 2057 σοι
872 1988 964 2083 αύτῷ
996 1988 1037 2058 τὰ
1063 1993 1132 2058 τῶν

171 2099 277 2180 τιμῶν
303 2099 352 2172 είς
379 2089 579 2178 ἅπαντας,
613 2089 657 2171 οἱς
684 2088 768 2175 πρὸς
787 2085 956 2179 Ἑλλήνων
981 2090 1044 2179 μέν
1076 2090 1133 2158 καί

173 2192 386 2264 Μακεδόνων
400 2191 627 2280 ἀνθρωπίνας
640 2218 676 2260 τε
688 2184 949 2278 καίἙλληνικύς
962 2197 1132 2280 τιμᾶσθαι,

133 2293 258 2382 εοπρὸς
283 2293 321 2362 δὲ
344 2297 412 2363 τάν
437 2294 619 2383 βαρβάρων
641 2291 756 2380 μόνων
779 2298 998 2381 βαρβαρικῶς.
1042 2300 1074 2362 εί
1096 2291 1167 2361 δδθ

172 2395 260 2484 ὑπὲρ
279 2393 397 2482 Κόρου
421 2397 482 2464 τοῦ
504 2394 690 2482 Καμβύσου
716 2390 846 2477 λέγεται
869 2398 1003 2480 πρῶτον
1026 2413 1133 2481 προσ-

173 2498 365 2584 κυνηθῆναι
382 2491 579 2585 άνθροόπων
597 2499 716 2580 Κύρου
734 2493 790 2560 καὶ
809 2493 865 2561 ἐπὶ
882 2497 970 2584 τῷδε
984 2497 1135 2581 ἐμμεῖναι

173 2598 320 2685 Πέρσαις
336 2624 373 2666 τε
389 2599 447 2666 καί
466 2595 597 2684 Μήδοις
615 2594 715 2682 τήνδε
732 2590 795 2678 τήν
812 2593 1047 2682 ταπεινότητα,
1071 2595 1133 2682 χρή

175 2702 397 2785 ἐνθυμεῖσθαι
427 2696 477 2766 ὅτι
501 2695 564 2766 τόν
589 2700 707 2784 Κύρου
732 2696 862 2764 ἐκεῖνον
887 2695 1023 2766 Σκύθαι
1050 2697 1134 2764 ἐσω-

135 2824 160 2865 εε
174 2798 367 2888 φρόνισαν,
391 2801 528 2886 πένητες
546 2796 667 2886 ἄνδρες
687 2795 744 2864 καί
765 2794 966 2886 αὐτόνομοι,
984 2797 1040 2865 καί
1060 2808 1134 2867 Δα-

174 2916 266 2988 ρεῖον
292 2898 388 2969 άλλοι
413 2891 459 2968 αύ
479 2897 626 2986 Σκύθαι,
652 2898 710 2966 καὶ
736 2898 864 2986 Ξέρξην
877 2897 1051 2986 Ἀθηναῖοι
1076 2898 1134 2967 καί

175 3000 441 3088 Λακεδαιμόνιοι,
459 3002 515 3069 καὶ
529 2999 748 3087 Ἀρταξέρξην
763 3001 934 3090 Κλέαρχος
954 3000 1010 3068 καὶ
1028 3003 1135 3078 Ξενο-

173 3106 250 3191 φῶν
277 3104 333 3171 καί
360 3107 395 3171 οί
417 3100 480 3184 ξύν
505 3100 635 3181 τούτοις
661 3099 784 3190 μύριοι,
810 3102 867 3169 καὶ
886 3113 1034 3188 Δαρείου
1052 3103 1135 3168 τοῦ·

173 3230 232 3273 τον
247 3199 464 3289 Ἀλέξανδρος
482 3202 527 3289 μή
545 3200 853 3291 προσκυνούμενος.

135 3327 161 3370 so
256 3310 369 3374 Ταύτα
396 3302 437 3391 δή
464 3305 521 3372 καί
544 3305 682 3371 τοιαῦτα
708 3301 861 3382 εἰπόντος
879 3301 1134 3380 Καλλισθένους
1147 3309 1184 3372 12

174 3400 310 3474 άνιᾶσαι
335 3403 398 3492 μέν
423 3405 611 3493 μεγαλωστί
626 3403 868 3491 Ἀλέξανδρον,
895 3402 1070 3474 Μακεδόσι
1097 3400 1136 3470 δέ

175 3506 259 3593 πρὸς
277 3507 393 3596 θυμοῦ
413 3511 529 3574 εἰπεῖν.
574 3505 749 3573 καὶτοῦτο
773 3503 899 3591 γνόντα
914 3501 1136 3584 Ἀλέξανδρον
