2664 3946
229 233 273 300 74
585 232 834 292 ΔΛΕΞΑΝΔΡΟΤ

228 377 372 447 τόπεδον
397 377 435 446 τό
454 383 605 463 Δαρείου
630 375 739 456 εύδύς
765 377 797 458 ἐξ
822 376 948 464 ἐφόδου
974 375 1060 446 ἑάλω
1083 375 1140 445 καλ
1164 403 1187 464 η

227 479 334 568 μήτηρ
351 479 408 546 καὶ
425 477 562 566 ἡγυνή,
579 477 666 566 αύτὴ
680 476 719 546 δέ
731 480 788 547 καὶ
802 477 933 566 ἀδελφὴ
947 485 1110 568 Δαρείου,
1127 479 1187 547 καί

227 579 304 660 υίδς
323 586 472 666 Δαρείου
490 579 625 666 νήπιος·
668 581 727 648 καί
743 581 929 667 θυγατέρες
947 579 1011 649 δύο
1033 579 1187 648 ἑάλωσαν

228 683 285 749 καὶ
326 679 425 749 ἀλλαι
462 677 549 767 ἀμφ’
592 678 698 760 αύτάς
733 683 876 768 Περσων
911 684 979 748 τῶν
1014 679 1186 767 ὁμοτίμων

140 817 144 828 ·
227 796 387 868 γυναῖκες
406 780 453 850 ου’
474 788 606 850 πολλαί.
653 787 689 850 οί
703 782 769 871 γάρ
786 780 882 850 ἀλλοι
899 783 1027 869 Πέρσαι
1043 781 1103 861 τὰς
1120 809 1186 868 γυ·
1211 810 1226 852 ι

227 897 347 963 ναῖκας
372 885 470 970 σφῶν
489 883 553 963 ξύν
570 885 612 971 τῇ
631 880 716 972 άλλη
735 887 924 971 κατασκευῇ
945 887 978 962 ἐς
997 883 1186 970 Δαμασκόν

179 1001 211 1052 10
229 990 348 1070 ἐτυχου
375 973 582 1064 ἐσταλκότες·
619 986 691 1053 ἐπεὶ
714 983 771 1052 καλ
789 996 933 1073 Δαρεῖος
956 989 1026 1052 τῶν
1048 1011 1085 1054 τε
1102 1011 1186 1072 χρη-

227 1085 341 1173 μάτων
364 1085 405 1154 τά
429 1086 536 1154 πολλά
558 1087 616 1154 καὶ
640 1083 702 1154 ὅσα
725 1083 811 1154 ἀλλα
833 1085 969 1177 μεγάλῳ
994 1092 1126 1174 βασιλεῖ
1151 1089 1186 1166 ές

227 1189 393 1274 πολυτελῆ
410 1192 542 1256 δίαιταν
560 1189 618 1254 καὶ
636 1191 890 1277 στρατευομένῳ
904 1184 993 1274 ὅμως
1007 1188 1186 1256 συνέπεται

227 1287 394 1376 πεπόμφει
408 1290 442 1368 ἐς
461 1287 660 1376 Δαμασκόν,
679 1286 763 1357 ὥστε
782 1290 882 1378 ἐντῷ
903 1287 1124 1376 στρατεύματι
1141 1285 1183 1357 ού
1198 1317 1225 1356 ιο

227 1397 366 1460 πλείονα
390 1385 411 1477 ἣ
433 1397 597 1478 τρισχίλια
613 1389 761 1457 τάλαντα
781 1389 876 1458 ἑάλω.
917 1389 1002 1458 ἀλλά
1020 1391 1077 1458 καλ
1090 1388 1131 1458 τά
1147 1392 1185 1458 ἐν

227 1495 400 1582 Δαμασκῷ
425 1490 577 1578 χρήματα
595 1487 713 1576 ὀλίγον
730 1487 873 1579 ὕστερον
893 1491 979 1560 ἑάλω
996 1488 1066 1559 ύπό
1085 1500 1183 1579 Παρ-

225 1601 390 1680 μενίωνος
405 1591 456 1660 ἐπ’
477 1589 561 1660 αύτό
580 1593 682 1659 τοῦτο
700 1593 887 1672 σταλέντος.
914 1595 1016 1662 τούτο
1033 1591 1072 1660 τό
1089 1595 1184 1672 τέλος

224 1697 267 1782 τῇ
297 1690 391 1781 μάχη
420 1695 531 1780 ἐκείνη
562 1691 693 1778 ἐγένετο
724 1694 779 1762 ἐπὶ
810 1691 971 1781 ἀρχοντος
992 1691 1185 1782 Ἀδηναίοις

227 1794 459 1881 Νικοκράτους
476 1793 581 1882 μηνός
599 1797 912 1882 Μαιμακτηριῶνος.
1068 1819 1069 1823 ’
1196 1821 1222 1862 ιε

178 1906 217 1974 12
309 1899 357 1983 Τῇ
376 1893 414 1964 δέ
430 1893 610 1985 ύστεραίμ,
640 1903 760 1984 καίπερ
777 1896 980 1984 τετρωμένος
997 1894 1058 1964 τὸν
1074 1895 1183 1982 μηρόν

226 1996 316 2084 ξίφει
341 1994 577 2085 Ἀλέξανδρος,
606 1993 688 2066 όδέ
710 1995 790 2076 τούς
812 2005 1019 2084 τραυματίας
1045 1999 1183 2084 ἐπῆλθε,

225 2099 282 2166 καὶ
307 2096 389 2176 τούς
406 2098 549 2185 νεκρούς
567 2098 768 2183 ξυναγαγών
793 2103 900 2178 ἐδαψε
922 2101 1183 2185 μεγαλοπρεπῶς

226 2198 293 2267 σύν
315 2199 357 2287 τῇ
383 2197 525 2286 δυνάμει
548 2198 639 2286 πάσῃ
661 2200 881 2286 ἐκτεταγμένῃ
900 2199 1118 2286 λαμπρότατα
1136 2197 1182 2279 ἀς

226 2302 260 2380 ἐς
277 2299 440 2388 πόλεμον·
473 2301 531 2368 καὶ
549 2299 640 2391 λόγῳ
656 2326 693 2368 τε
711 2299 934 2388 ἐπεκόσμησεν
952 2297 1041 2380 ὅσοις
1058 2327 1090 2368 τι
1107 2306 1182 2369 δια·
1194 2329 1221 2369 εο

224 2400 348 2490 πρεπές
376 2407 476 2490 ἔργον
500 2403 537 2470 ἐν
558 2403 600 2489 τῇ
624 2401 714 2490 μάχη
737 2396 878 2488 ἣαύτδς
896 2401 1047 2488 ξυνέγνω
1065 2409 1182 2489 είργα-

224 2503 348 2590 σμένον
374 2498 395 2589 ἢ
421 2501 506 2591 ἀκοῇ
534 2501 824 2591 συμφωνούμενον
849 2509 967 2590 ἐμαδε·
1015 2505 1072 2571 καὶ
1098 2530 1181 2592 χρη-

224 2603 339 2690 μάτων
365 2603 509 2673 ἐπιδόσει
532 2603 578 2684 άς
604 2604 764 2683 ἑκάστους
789 2603 856 2672 σύν
879 2607 921 2692 τῇ
941 2603 1019 2695 ἀξίᾳ
1036 2607 1180 2692 ἐτίμησε.

190 2706 281 2773 εκαὶ
306 2712 458 2784 Κιλικίας
486 2703 549 2792 μέν
574 2703 785 2774 ἀποδεικνύει
807 2705 980 2793 σατράπην
1004 2705 1182 2792 Βάλακρον

224 2805 285 2873 τόν
300 2805 503 2895 Νικάνορος,
522 2808 582 2874 ἕνα
599 2809 667 2874 τῶν
685 2806 982 2894 σωματοφυλάκων
998 2811 1068 2874 τῶν
1084 2814 1181 2895 βασι·
1194 2831 1220 2875 ω
1315 2865 1316 2880 λ

224 2908 342 2975 λικῶυ·
381 2905 459 2975 ἀντὶ
490 2905 528 2976 δὲ
557 2906 684 2976 τούτου
716 2909 750 2987 ἐς
780 2909 862 2988 τούς
892 2908 1182 2996 σωματοφύλακας

222 3007 375 3088 κατέλεξε
398 3009 540 3095 Μένητα
562 3007 623 3076 τόν
646 3016 850 3079 Διονυσίου·
890 3008 967 3078 ἀντὶ
990 3007 1027 3078 δέ
1052 3017 1181 3079 Πτολε-

222 3107 326 3196 μαίου
350 3111 411 3177 τοῦ
431 3109 606 3180 Σελεύκου
631 3113 692 3179 τοῦ
718 3108 952 3190 ἀποθανόντος
971 3113 1008 3179 ἐν
1025 3113 1068 3196 τῇ
1091 3109 1181 3198 μάχη
1304 3189 1313 3207 ἱ

224 3210 511 3299 Πολυσπέρχοντα
542 3210 604 3280 τόν
630 3218 777 3300 Σιμμίου
807 3209 920 3300 ἀρχειν
950 3209 1099 3292 ἀπέδειξε
1122 3214 1182 3298 τῆς
1311 3213 1313 3216 ’

225 3313 357 3381 ἐκείνου
387 3311 520 3394 τάξεως.
576 3313 634 3381 καί
665 3315 811 3382 Σολεῦσι
840 3311 882 3379 τά
910 3337 947 3381 τε
975 3311 1220 3399 πεντήκονταω
1311 3367 1312 3374 ,

223 3411 373 3481 τάλαντα
396 3409 418 3481 ἀ
437 3420 485 3484 ἐτι
504 3417 601 3484 ἐνδεᾶ
618 3404 660 3500 ἦν
679 3417 715 3484 ἐκ
732 3414 801 3480 τῶν
820 3414 1069 3501 ἐπιβληθέντων
1088 3421 1184 3502 σφίσι
1310 3377 1312 3491 λ

223 3513 404 3603 χρημάτων
422 3513 526 3602 ἀνῆκε
541 3517 599 3584 καὶ
616 3513 698 3593 τούς
715 3511 863 3603 ὁμήρους
880 3513 1066 3586 ἀπέδωκεν.
1309 3491 1311 3646 Ι

1307 3851 1309 3922 λ
