2678 3950
221 240 284 304 212
575 234 828 297 ΔΔΕΞΑΝΔΡΟΤ

222 401 332 480 δείξας
359 398 533 484 σατράπην
558 403 628 466 τῶν
654 398 762 486 ταύτῃ
787 392 905 467 Ἰνδῶν
925 403 1093 468 Φίλιππον
1119 398 1182 467 τδν

222 500 369 586 Μαχάτα
387 497 542 588 φρουράν
559 525 595 567 τε
612 497 784 567 άπολείπει
798 500 834 566 ἐν
858 500 1008 579 Ταξίλοις
1025 501 1083 566 καλ
1098 499 1181 579 τούς

223 599 418 688 ἀπομάχους
443 604 512 669 τῶν
539 602 750 689 στρατιωτῶν
777 598 832 666 διὰ
856 597 975 668 νόσον·
1016 598 1119 680 αὐτὸς
1142 600 1181 669 δὲ

222 693 303 788 ήγεν
322 701 367 781 ῶς
386 703 441 771 ἐπὶ
458 701 519 770 τὸν
532 699 700 789 ’Τδάσπην
727 700 885 785 ποταμόν.

191 818 207 865 4
298 800 369 872 Ἐπ’
404 806 516 872 ἐκεῖνα
549 802 614 888 γάρ
646 806 708 871 τοῦ
738 800 904 871 Ὑδάσπου
932 806 1054 891 Πῶρος
1086 800 1181 892 αὐτῷ
1194 829 1207 870 ⁵

223 893 310 974 εἶναι
336 905 548 991 ἐξηγγέλλετο
574 904 637 984 ξδν
663 906 705 991 τῇ
733 905 872 992 στρατιᾷ
890 902 999 991 πάσῃ,
1027 902 1181 988 ἐγνωκῶς

224 1015 347 1090 είργειν
379 1010 441 1073 τοῦ
473 1005 582 1092 πόρου
610 1003 718 1073 ου’τόν
743 1000 765 1091 ἢ
790 1005 933 1090 περῶντι
961 1007 1179 1073 ἐπιτίθεσθαι.

222 1109 329 1174 ταῦτα
348 1104 393 1186 ῶς
412 1113 499 1192 ἔγνω
513 1103 743 1192 Ἀλέξανδρος,
770 1113 897 1174 Κοίνου
915 1103 977 1192 μὲν
994 1104 1054 1173 τόν
1072 1113 1181 1175 Πολε-

222 1206 411 1294 μοκράτους
437 1209 570 1294 πέμψας
597 1204 705 1276 ὀπίσω
733 1207 788 1274 ἐπὶ
813 1205 873 1274 τὸν
898 1203 1005 1275 Ἰνδὸν
1032 1205 1181 1294 ποταμόν

205 1309 264 1389 Ιτδι
291 1317 393 1377 πλοῖα
420 1308 483 1376 ὅσα
509 1309 759 1397 παρεσκεύαστο
785 1305 879 1398 αὐτῷ
907 1308 961 1375 ἐπὶ
987 1313 1048 1376 τοῦ
1073 1309 1181 1395 πόρου
1195 1333 1220 1372 ιο

222 1417 284 1478 τοῦ
307 1409 420 1479 Ἰνδοῦ
447 1409 653 1496 ξυντεμόντα
678 1407 807 1477 κελεύει
833 1409 948 1495 φέρειν
975 1406 1020 1488 ῶς
1048 1409 1104 1477 ἐπὶ
1121 1409 1182 1477 τδν

190 1511 389 1598 ὅὙδάσπην
421 1511 581 1597 ποταμόν.
633 1512 690 1578 καὶ
724 1509 914 1596 ξυνετμήθη
946 1535 983 1578 τε
1012 1509 1054 1578 τά
1081 1519 1182 1580 πλοῖα

223 1615 280 1681 καλ
301 1616 462 1698 ἐκομίσθη
477 1610 583 1701 αὐτῷ,
600 1610 663 1680 ὅσα
678 1610 740 1698 μὲν
754 1611 944 1698 βραχύτερα
957 1616 1031 1697 διχῆ
1044 1616 1182 1699 διατμη-

224 1717 348 1798 θέντα,
382 1717 421 1780 αι’
442 1712 672 1800 τριακόντοροι
698 1712 736 1780 δέ
761 1716 855 1797 τριχῆ
882 1712 1092 1799 ἐτμήθησαν,
1124 1713 1182 1780 καὶ

224 1811 266 1881 τά
297 1813 450 1900 τμήματα
484 1814 537 1880 ε’πὶ
563 1817 689 1900 ζευγῶν
715 1819 910 1899 διεκομίσθη
939 1819 1011 1881 ἐστε
1039 1814 1094 1882 ἐπὶ
1119 1813 1181 1898 τὴν
1194 1839 1222 1881 15

224 1913 331 2001 ὄχθην
352 1919 415 1981 τοῦ
426 1911 610 1984 Ὑδάσπου·
637 1913 736 1983 κάκεῑ
757 1911 952 2000 ξυμπηχθὲν
969 1913 1006 1982 τὸ
1020 1913 1182 1982 ναυτικόν

225 2007 326 2094 αὖθις
353 2013 394 2101 δή
422 2013 508 2102 ὁμοῦ
536 2010 636 2102 ῶφθη
672 2018 708 2082 ἐν
733 2018 780 2106 τῷ
805 2013 961 2102 Ὑδάσπῃ.
1014 2013 1116 2094 αὐτὸς
1143 2015 1182 2084 δέ

225 2113 408 2201 άναλαβῶν
434 2114 477 2202 ἥν
502 2143 538 2184 τε
556 2113 702 2202 δυ’ναμιν
727 2123 813 2203 ἔχων
830 2105 910 2200 ήκεν
929 2120 962 2195 ἐς
987 2115 1109 2193 Τάξιλα
1126 2117 1181 2184 καὶ

226 2225 514 2302 πεντακισχιλίους
539 2222 609 2284 τῶν
623 2217 741 2287 Ἰνδῶν
765 2214 823 2296 οὓς
847 2218 987 2305 Ταξίλης
1013 2243 1049 2284 τε
1075 2218 1185 2286 καλοί

189 2397 193 2406 ,
224 2319 331 2407 ταότη
371 2316 515 2406 ὕπαρχοι
549 2309 631 2405 ήγον
665 2314 718 2406 ήει
752 2315 797 2397 ῶς
833 2316 889 2384 ἐπὶ
921 2318 983 2386 τὸν
1012 2315 1223 2406 Ἰδάσπηνιο

170 2425 172 2429 ’
226 2420 386 2507 ποταμόν.

188 2528 210 2592 9
302 2523 370 2590 Καὶ
394 2519 612 2608 Ἀλέξανδρός
630 2547 665 2588 τε
682 2519 1051 2608 κατεστρατοπέδευσεν
1069 2522 1124 2588 ἐπὶ
1141 2523 1182 2609 τῇ

225 2620 313 2710 ὄχθη
331 2623 392 2689 τοῦ
408 2621 588 2708 Ὑδάσπου,
606 2623 663 2689 καὶ
687 2624 808 2709 Πῶρος
825 2621 909 2690 κατὰ
927 2620 988 2708 τὴν
1006 2617 1188 2708 ἀντιπέρας·

226 2720 333 2808 ὅχθην
361 2720 460 2806 ῶφθη
487 2721 550 2801 ξόν
576 2722 667 2809 πάση
693 2727 734 2810 τή
762 2726 898 2811 στρατιᾷ
925 2724 982 2791 καὶ
1014 2726 1083 2789 τῶν
1110 2725 1182 2790 ἐλε-

226 2823 365 2910 φάντων
390 2824 437 2911 τῷ
466 2829 584 2909 στίφει.
627 2821 735 2910 ταάτη
758 2823 819 2910 μὲν
846 2824 887 2908 δή
913 2813 936 2910 ᾗ
962 2844 1182 2907 κατεστρατο-
1196 2851 1224 2891 ει

226 2921 412 2992 πεδευκότα
431 2921 521 2990 εἶδεν
532 2921 750 3010 Ἀλέξανδρον
768 2922 870 3003 αὐτὸς
890 2925 1001 3010 μένων
1020 2925 1185 3010 ἐφύλαττε

225 3023 286 3092 τὸν
313 3024 434 3110 πόρον·
463 3021 525 3091 ὅσα
552 3022 590 3092 δὲ
607 3022 692 3091 ἄλλα
708 3027 770 3092 τοῦ
789 3024 940 3111 ποταμοῦ
960 3023 1184 3116 εὐπορώτερα,

228 3125 283 3196 ἐπὶ
299 3128 405 3194 ταῦτα
423 3123 577 3210 φρουράς
595 3126 783 3212 διαπέμψας
796 3127 853 3194 καί
870 3124 1035 3213 ἡγεμόνας
1050 3126 1186 3211 ἐπιστή-

226 3247 287 3306 σας
307 3226 456 3305 ἑκάστοις
474 3235 597 3311 είργειν
617 3227 745 3295 ἐπενόει
765 3231 827 3294 τοῦ
850 3227 957 3314 πόρου
973 3225 1052 3306 τούς
1066 3238 1185 3297 Μακε-

197 3327 344 3408 2δόνας.
388 3331 496 3394 ταῦτα
522 3326 560 3396 δὲ
586 3326 708 3414 ὁρῶντι
730 3326 937 3418 Ἀλεξάνδρῳ
968 3330 1102 3414 κινητέα
1128 3333 1186 3396 καί
1200 3358 1227 3398 ιο

225 3427 319 3520 αὐτῷ
354 3426 461 3497 ἐδόκει
492 3427 513 3512 ή
541 3427 675 3514 στρατιά
703 3431 870 3515 πολλαχῆ,
904 3427 949 3507 ῶς
974 3429 1034 3495 τὸν
1061 3431 1187 3515 Πῶρον

227 3529 418 3618 ἀμφίβολον
453 3536 640 3615 γίγνεσθαι.
701 3529 823 3597 διελιδν
855 3528 893 3598 δέ
925 3531 959 3608 ἐς
991 3528 1098 3596 πολλά
1125 3531 1188 3598 τόν
