2650 3948
231 239 271 306 18
583 231 834 296 ελωεειαιεον

230 378 345 468 μάχοις
366 377 422 447 καλ
446 377 580 472 μεγάλςο
603 386 736 466 βασιλεῖ
751 379 998 466 πολεμοῦντας,
1022 376 1101 448 οῦτε
1126 374 1193 450 αύ·

231 494 300 559 τοῖς
317 494 387 560 τοῖς
404 483 575 550 παθοῦσιν
594 491 671 567 ῖσην
687 477 751 566 την
766 488 926 567 αἴσθησιν
943 485 1002 567 τῆς
1020 480 1194 570 ξυμφοραῖς

232 581 460 669 προσέθηκεν,
487 578 566 650 οῦτε
587 595 655 661 τοῖς
682 579 795 662 ἀλλοις
813 578 949 669 Ἕλλησι
973 579 1036 669 τὴν
1063 582 1118 650 ἐπὶ
1144 586 1193 673 τῷ
1312 627 1313 702 χ

197 681 334 752 επάθει
361 682 516 768 ἔκπληξιν
541 678 664 770 ὁμοίαν
689 681 842 770 παρέσχε.
874 682 931 750 καὶ
956 677 993 751 τό
1020 684 1058 752 έν
1085 682 1193 770 Αίγός
1312 705 1313 714 ’

231 797 391 870 ποταμοῖς
408 775 509 863 αύθις
529 779 722 870 Ἀθηναίων
745 797 892 870 πταῖσμα
915 781 1073 853 ναυτικόν
1095 811 1131 853 τε
1144 777 1192 871 ,ἦν
1220 808 1235 850 ι

232 885 287 954 καὶ
304 877 326 972 ἡ
345 884 437 964 πόλις
459 883 563 954 οῦδὲν
586 882 669 954 ἀλλο
686 882 736 952 ότι
759 881 804 971 μη
821 888 891 952 τῶν
912 886 1051 972 μακριόν
1074 891 1192 973 τειχῶν

230 987 424 1076 καθαιρέσει
456 986 513 1054 καὶ
542 989 630 1054 νεῶν
659 989 728 1054 τοῖν
758 989 894 1056 πολλόν
924 984 1105 1074 παραδόσει
1134 987 1191 1054 καὶ

232 1086 384 1175 στερήσει
406 1092 464 1173 τῆς
486 1086 589 1177 ἀρχῆς
615 1088 648 1167 ές
663 1084 883 1175 ταπεινότητα
901 1083 1084 1175 ἀφικομένη
1100 1085 1139 1156 τό
1155 1113 1192 1156 τε

232 1193 341 1278 σχῆμα
358 1185 396 1257 τό
410 1186 547 1276 πάτριον
565 1183 655 1275 ὅμως
670 1187 814 1276 ἐφύλαξε
830 1189 887 1258 καλ
903 1185 966 1276 τήν
984 1186 1131 1276 δύναμιν
1148 1185 1190 1256 ού

232 1287 287 1359 διά
309 1294 439 1379 μακροῦ
462 1287 524 1377 τὴν
546 1287 649 1358 πύλαι
672 1285 853 1376 ἀνέλαβεν,
882 1286 927 1370 ἀς
952 1287 994 1358 τύ
1018 1315 1054 1360 τε
1079 1289 1191 1379 μακρὰ
1205 1317 1234 1358 ιο

233 1397 324 1480 τείχη
339 1393 513 1479 ἐκτειχίσαι
525 1390 581 1458 καὶ
597 1393 656 1476 της
672 1388 846 1478 θαλάσσης
859 1381 961 1470 αύθις
978 1392 1193 1480 ἐπικρατῆσαι

232 1493 288 1564 καὶ
313 1491 393 1572 τοῦς
416 1490 491 1562 τότε
514 1488 684 1579 φοβερούς
709 1510 801 1578 σφισι
823 1495 1110 1580 Λακεδαιμονίους
1134 1491 1192 1560 καὶ

232 1591 311 1685 παρ’
332 1591 450 1680 ὀλίγον
468 1590 628 1672 ἐλθόντας
641 1587 804 1681 ἀφανίσαι
819 1591 881 1680 την
898 1591 998 1661 πόλιν
1011 1589 1136 1673 αύτούς
1155 1594 1192 1661 ἐν

231 1700 278 1788 τῷ
305 1696 396 1784 μέρει
427 1694 557 1762 ἐκτῶν
584 1691 730 1780 έσχάτων
755 1693 925 1764 κινδύνων
950 1693 1191 1763 διασώσασθαι.

198 1811 217 1863 4
232 1799 506 1882 Λακεδαιμονίων
522 1820 559 1864 τε
575 1785 620 1863 αὖ
637 1791 675 1863 τό
692 1792 776 1863 κατά
789 1797 945 1884 Λεῦκτρα
964 1809 965 1812 ’
985 1798 1041 1864 καί
1054 1805 1190 1866 Μαντί-
1204 1821 1232 1864 ιε

229 1923 320 1968 νειαν
337 1909 480 1982 πταῖσμα
497 1900 543 1987 τῷ
562 1895 738 1986 παραλόγῳ
749 1892 880 1983 μᾶλλόν
896 1921 928 1964 τι
943 1897 1003 1984 τῆς
1020 1897 1192 1986 ξυμφορᾶς

232 1995 254 2087 ἢ
269 2001 315 2090 ιςό
325 1996 447 2084 πλήθει
458 2002 528 2067 τόν
536 2024 575 2084 γε
588 1994 805 2084 ἀπολομένων
817 1995 897 2077 τοῦς
905 2001 1192 2086 Λακεδαιμονίους

234 2099 422 2186 ἐξέπληξεν·
463 2097 486 2186 ἥ
515 2125 550 2168 τε
584 2095 648 2180 ξῦν
675 2094 926 2189 Ἐπαμεινώνδᾳ
952 2103 1109 2168 Βοιωτῶν
1135 2097 1192 2168 καὶ

230 2198 402 2290 Ἀρκάδων
415 2200 577 2288 γενομένη
595 2196 763 2289 προσβολὴ
782 2195 865 2289 πρός
877 2197 940 2286 τὴν
953 2197 1118 2289 Σπάρτην
1134 2199 1191 2268 καὶ
1315 2237 1316 2286 ι

111 2310 113 2314 ’
233 2299 318 2389 αύτὴ
336 2305 383 2393 τῷ
401 2299 499 2389 ἀήθει
511 2305 570 2388 τῆς
588 2298 696 2382 ὅψεως
713 2295 877 2388 μᾶλλονῆ
893 2305 935 2390 τῇ
954 2294 1107 2391 ἀκριβείᾳ
1120 2306 1189 2369 τῶν
1201 2328 1228 2370 ιο
1315 2295 1316 2302 ¹

233 2401 402 2474 κινδύνων
429 2398 553 2482 αύτούς
575 2427 610 2472 τε
627 2399 708 2481 τούς
733 2405 1018 2489 Λακεδαιμονίους
1035 2401 1091 2470 καὶ
1109 2399 1191 2482 τούς

233 2503 520 2596 ξυμμετασχόντας
538 2499 652 2582 αὐτοῖς
668 2507 737 2570 τῶν
753 2500 826 2570 τότε
842 2501 1048 2591 πραγμύτων
1065 2500 1191 2588 ἐφόβη-

199 2619 300 2677 θσεν.
334 2602 353 2692 ἡ
372 2605 409 2691 δὲ
427 2603 468 2692 δὴ
487 2603 684 2673 Πλαταιέων
701 2601 821 2683 ἅλωσις
837 2607 896 2691 τῆς
913 2602 1040 2683 πόλεως
1056 2605 1097 2692 τῇ
1112 2623 1190 2691 σμι·

233 2703 366 2796 κρότητι
381 2709 450 2774 τόν
468 2705 805 2792 ἐγκαταληφθέντων,
826 2699 876 2772 ὅτι
892 2707 928 2774 οί
942 2704 1060 2773 πολλοὶ
1077 2700 1193 2774 αύτῦν

233 2805 503 2894 διαπεφεύγεσαν
520 2804 622 2875 πύλαι
640 2807 673 2885 ἐς
695 2803 754 2885 τάς
775 2801 936 2893 Ἀθήνας,
962 2801 1003 2874 ού
1021 2805 1107 2894 μέγα
1124 2804 1186 2872 πά-
1205 2830 1231 2873 ιε

233 2918 325 2996 θημα
350 2908 489 2993 ἐγένετο.
540 2906 596 2976 καὶ
617 2902 639 2994 ἡ
661 2905 784 2993 Μήλου
806 2905 864 2974 καὶ
883 2905 1035 2994 Σκιύνης
1057 2901 1191 2990 ἅλωσις,

234 3007 412 3098 νησιωτικά
428 3033 464 3078 τε
477 3014 663 3096 πολίσματα
680 2999 724 3095 ἦν
737 3007 792 3076 καλ
809 3021 878 3086 τοῖς
897 3005 1059 3097 δράσασιν
1071 3006 1193 3095 αίσχύ-

234 3136 298 3198 νην
314 3107 441 3199 μᾶλλόν
453 3133 485 3180 τι
498 3110 703 3199 προσέβαλεν
715 3105 736 3196 ἢ
756 3111 788 3189 ἐς
801 3105 838 3177 τό
853 3107 987 3196 ξύμπαν
1000 3105 1194 3195 Ἑλληνικόν

234 3212 341 3301 μέγαν
359 3208 419 3280 τόν
432 3208 625 3302 παράλογον
642 3211 795 3299 παρέσχε.
826 3217 828 3221 ’

200 3325 218 3378 σ
312 3317 468 3401 Θηβαίοις
496 3313 533 3382 δέ
555 3309 596 3382 τά
622 3316 681 3399 τῆς
706 3308 918 3392 ἀποστάσεως
944 3305 1021 3394 όξέα
1047 3311 1103 3380 καί
1128 3309 1233 3394 ξύνει

235 3409 352 3484 ούδενλ
370 3418 516 3508 λογισμῷ
533 3412 713 3502 γενόμενα,
740 3411 796 3480 καὶ
819 3409 839 3499 ἡ
858 3411 980 3494 ἅλωσις
1004 3409 1048 3482 δι’
1074 3410 1192 3498 ὀλίγον

235 3515 345 3587 τεκαὶ
363 3512 404 3585 ού
422 3514 485 3600 ξῦν
503 3513 596 3611 πόνφ
614 3515 682 3582 τῶν
701 3511 843 3584 ἑλόντων
859 3515 1114 3603 ξυνενεχθεῖσα,
1137 3513 1195 3582 καί
