2664 3946
488 233 671 285 εαεεεῑιπ
689 237 718 298 3,
739 236 772 284 τι
1050 232 1109 296 137

151 371 226 440 ὅσοι
258 395 324 458 προ
353 375 411 458 τῆς
439 373 574 458 εἰρήνης
599 397 636 440 τε
664 374 720 439 καί
751 379 811 459 τῆς
843 375 1027 459 ξυμμαχίας
1053 378 1113 459 τῆς

151 471 236 557 πρὸς
257 475 460 552 Μακεδόνας
480 477 662 560 γενομένης
684 473 775 560 παρά
796 477 945 562 Πέρσαις
971 477 1111 561 ἐμισθο-

152 577 295 660 φόρουν,
312 577 368 642 καί
379 578 622 660 Καλχηδονίων
632 575 855 662 Ἡρακλείδην
869 575 929 643 τὸν
944 580 1113 660 πρεσβευ-

150 676 213 762 την
236 675 360 762 ἀφῆκε·
388 675 467 755 τούς
489 677 527 742 δὲ
549 675 673 755 ἄλλους
694 677 985 761 ξυστρατεύεσθαί
1002 679 1038 743 οί
1058 677 1111 742 ἐπί

125 782 263 866 ιμισθῷ
278 779 323 865 τῷ
342 777 433 866 αύτῷ
456 779 628 845 ἐκέλευσε·
652 779 709 844 καί
725 779 883 857 ἐπέταξεν
905 779 1021 856 αύτοίς
1039 777 1111 843 Ἀν-

152 881 327 964 δρόνικον,
353 878 458 962 ὅσπερ
480 879 589 964 ἤγαγέ
606 902 642 945 τε
658 878 784 956 αύτούς
804 879 861 945 καί
883 883 1023 964 ἔνδηλος
1038 881 1113 962 ἐχε-

150 983 245 1066 χόνει
267 979 308 1048 ού
331 986 466 1066 φαύλου
488 981 691 1066 ποιούμενος
713 986 821 1047 σῶσαι
842 980 922 1058 τούς
943 979 1080 1067 άνδρας.

241 1083 417 1148 Ταύταιδὲ
440 1081 706 1167 διαπραξάμενος
727 1073 809 1166 ἦγεν
831 1079 876 1158 ὥς
904 1083 959 1149 ἐπὶ
981 1082 1163 1167 Ζαδρά-25

152 1208 275 1270 καρτα,
303 1181 365 1269 τὴν
386 1187 547 1268 μεγίστην
568 1184 668 1248 πόλιν
689 1187 748 1266 τῆς
764 1181 955 1268 Ὑρκανίας,
977 1184 1035 1248 ἵνα
1056 1187 1113 1248 καί

113 1311 138 1355 ιο
151 1283 192 1352 τά
214 1289 369 1370 βασίλεια
390 1296 460 1362 τοῖς
482 1283 668 1368 Ὑρκανίοις
688 1279 743 1370 ἦν.
788 1283 844 1350 καὶ
867 1287 1018 1352 ἐνταῦθα
1040 1287 1112 1351 δια-

151 1391 272 1472 τρίψας
292 1385 417 1473 ημέρας
443 1388 688 1452 πεντακοιίδεκα
715 1389 772 1452 καί
792 1387 903 1464 θύσας
924 1399 994 1464 τοῖς
1019 1395 1114 1464 θεοῖς

152 1486 198 1565 ύς
218 1489 323 1572 νόμος
336 1489 393 1553 καὶ
408 1486 522 1571 άχάνα
543 1487 710 1574 γυμνικόν
725 1491 866 1574 ποιήσας
881 1487 925 1566 ὥς
947 1489 1001 1554 ἐπὶ
1015 1495 1111 1572 Παρ-

152 1591 297 1665 δυαίους
317 1580 415 1672 ἦγεν·
454 1589 589 1655 ἐκεῖθεν
611 1589 648 1654 δὲ
673 1590 729 1656 ε’πί
750 1591 790 1656 τά
812 1594 870 1676 τῆς
887 1588 1015 1675 Ἀρείας
1037 1589 1113 1674 ὅρια

152 1691 209 1755 καί
224 1693 395 1774 Σουσίαν,
418 1691 520 1757 πόλιν
541 1691 600 1775 τῆς
618 1689 760 1776 Ἀρείας,
782 1691 840 1755 ἵνα
861 1691 919 1756 καί
941 1694 1113 1776 Σατιβαρ-

114 1822 140 1864 15
154 1791 253 1877 ζάνης
279 1783 340 1877 ἧκε
367 1791 448 1877 παρ’
482 1789 587 1858 αὐτὸν
616 1789 634 1859 ὁ
668 1796 738 1857 τοῖν
769 1791 904 1878 Ἀρείων
932 1793 1110 1877 σατράπης.

153 1893 261 1978 τούτῳ
283 1893 346 1978 μὲν
368 1892 409 1977 δὴ
431 1891 494 1978 τὴν
522 1896 729 1978 σατραπείαν
757 1890 905 1969 ἀποδούς
927 1893 1146 1978 ξυμπέμπειν

154 1991 246 2080 αύτῷ
258 1994 460 2072 Ἀνάξιππον
475 1999 544 2060 τῶν
559 1994 712 2078 ἑταίρων,
730 1989 810 2071 δούς
825 1991 915 2080 αύτῷ
928 1999 998 2058 τάν
1011 1995 1114 2059 ίππα-

155 2097 340 2161 κοντιστοῖν
364 2095 398 2172 ἐς
418 2095 681 2179 τεσσαράκοντα,
704 2094 749 2171 ὠς
763 2098 832 2177 ἔχοι
846 2095 1001 2179 φύλακας
1015 2103 1111 2161 καθι-

155 2197 275 2263 στάναι
289 2200 359 2261 τῶν
373 2195 503 2279 τόπων,
526 2200 588 2261 τού
610 2194 654 2280 μὴ
670 2194 861 2262 άδικείσθαι
875 2196 956 2272 τούς
967 2194 1114 2281 Ἀρείους

115 2329 142 2369 20
154 2295 239 2383 πρὸς
259 2303 318 2382 τῆς
340 2301 498 2382 στρατιάς
518 2294 603 2362 κατά
623 2295 685 2382 την
707 2298 868 2381 πάροδον.

235 2397 291 2464 Ἐν
311 2400 420 2486 τούτῳ
442 2398 480 2463 δὲ
502 2395 727 2482 άφικνοῦνται
742 2398 823 2483 παρ’
846 2397 951 2464 αύτόν
967 2403 1114 2482 Περσῶν
1131 2411 1148 2460 3

154 2523 260 2585 τινες,
289 2502 326 2565 οἳ
348 2497 513 2584 ἤγγελλον
539 2503 677 2583 Βῆσσον
704 2498 767 2583 τήν
794 2522 831 2564 τε
856 2499 977 2581 τιάραν
1004 2497 1114 2586 ὀρθὴν

155 2605 244 2685 ἔχειν
273 2601 329 2666 καί
356 2599 418 2685 τήν
446 2593 620 2684 Περσικὴν
647 2597 772 2683 στολὴν
799 2605 974 2684 φοροῦντα
998 2599 1115 2683 Ἀρτα-

156 2702 274 2787 ξέρξην
310 2725 347 2768 τε
381 2705 559 2767 καλεῖσθαι
596 2699 671 2765 άντί
708 2700 846 2785 Βήσσου
884 2703 941 2766 καί
975 2704 1115 2786 βασιλέα

116 2831 143 2872 ιτ
156 2804 302 2887 φάσκειν
318 2799 477 2885 εἶναιτοῖς
491 2801 616 2878 Ἀσίας·
645 2805 733 2885 ἔχειν
754 2825 791 2867 τε
805 2799 889 2886 ἄμφ’
906 2801 1010 2870 αὑτὸν
1025 2811 1114 2888 Περ·

156 2909 227 2968 σάν
259 2927 296 2970 τε
324 2902 403 2980 τούς
430 2904 464 2980 ἐς
490 2905 628 2986 Βάκτρα
655 2903 884 2987 διαφυγόντας
916 2906 971 2969 καί
1001 2903 1115 2971 αύτοίν

155 3009 378 3090 Βακτριανῶν
392 3006 554 3082 πολλούς·
580 3004 836 3090 προσδοκᾶσθαι
852 3006 890 3069 δὲ
910 3003 1003 3090 ἥξειν
1025 3004 1115 3092 αύτῷ

156 3109 211 3172 καί
234 3109 377 3184 Σκύθας
398 3107 598 3192 ξυμμάχους.

236 3207 453 3293 Ἀλέξανδρος
475 3208 512 3273 δὲ
532 3205 618 3293 ὁμοῦ
639 3205 704 3292 ἤδη
727 3209 897 3293 ἔχειντὴν
920 3213 1033 3274 πᾶσαν
1056 3211 1149 3276 δύ-«ι

115 3334 259 3395 ιοναμιν
280 3309 335 3397 ᾔει
359 3309 412 3375 ἐπί
426 3308 607 3393 Βάκτρων,
629 3308 687 3374 ἵνα
709 3305 765 3374 καί
781 3312 949 3387 Φίλιππος
970 3309 1115 3376 όΜενε-

88 3407 95 3419 “
156 3413 242 3477 λάου
263 3409 344 3495 παρ’
360 3409 464 3476 αὐτὸν
479 3407 618 3494 άφίκετο
642 3411 680 3476 ἐκ
696 3411 848 3495 Μηδίας,
872 3413 957 3496 ἔχων
978 3413 1059 3488 τούς
1079 3433 1116 3476 τε

155 3514 390 3598 μισθοφόρους
402 3511 531 3594 ίππέας,
548 3504 596 3576 ύν
610 3509 721 3598 ἡγεῖτο
737 3511 849 3596 αύτός,
864 3514 920 3578 καί
932 3515 1116 3578 Θεσσαλῶν
