2664 3946
225 197 287 262 114
572 199 825 256 οΛεΞοαοοου

224 339 315 428 φόροι
339 337 466 409 ἑκατόν.
513 343 550 408 οί
576 339 614 408 δὲ
638 343 816 429 ἐλέφαντες
845 347 986 430 ἔστησαν
1010 343 1093 411 κατὰ
1117 339 1180 430 τὴν

225 448 375 530 Δαρείου
399 449 475 528 ίλην
496 439 558 529 τὴν
580 442 753 531 βασιλικὴν
774 443 831 512 καὶ
849 439 980 530 ἅρματα
1005 447 1038 524 ἐς
1056 445 1179 532 πεντή-

189 555 336 613 Ὶκοντα.
375 545 435 610 τοῦ
455 540 493 612 δὲ
511 541 620 621 δεξιοῦ
639 549 675 613 οί
695 571 731 614 τε
751 541 934 631 Ἀρμενίων
956 547 1014 614 καλ
1033 553 1179 615 Καππα-

225 647 338 713 δοκῶν
354 648 467 724 ίππείς
477 643 717 732 προετετάχατο
731 646 788 714 καὶ
798 642 929 732 ἅρματα
939 647 1179 734 δρεπανηφόρα

225 745 440 831 πεντήκοντα.
465 749 502 813 οί
513 742 716 833 δὲἝλληνες
730 750 767 816 οί
780 746 982 836 μισθοφόροι
997 748 1088 835 ταρὰ
1104 759 1205 818 Aac-e

226 844 319 934 ρεῐόν
336 872 372 914 τε
385 844 492 914 αὐτὸν
508 847 715 936 ἑκατέρωθεν
728 849 785 916 καὶ
803 847 883 928 τούς
897 845 964 936 ἅμα
978 847 1070 940 αύτῷ
1087 851 1179 935 Πέρ-

166 981 170 986 ·
226 967 287 1028 σας
304 945 389 1015 κατά
406 945 468 1034 την
486 947 643 1035 φάλαγγα
662 946 771 1034 αὐτὴν
788 951 856 1017 τῶν
873 949 1107 1036 Μακεδόνων,
1134 949 1180 1030 ῶς

225 1048 323 1137 μόνοι
341 1049 383 1137 δὴ
402 1047 598 1136 ἀντίρροποι
614 1051 656 1136 τῇ
676 1049 844 1138 φάλαγγι,
864 1051 1060 1137 ἐτάχθησαν.

192 1162 209 1211 8
298 1148 505 1242 Ἀλεξάνδρῳ
519 1150 557 1218 δὲ
574 1147 595 1238 ἡ
613 1150 749 1238 στρατιά
769 1151 936 1239 ἐκοσμήθη
955 1142 1027 1220 ῶδε.
1061 1150 1099 1220 τό
1117 1150 1180 1240 μὲν

226 1249 334 1331 δεξιόν
352 1249 444 1343 αὐτῷ
463 1251 554 1338 εἶχον
569 1253 637 1318 τῶν
657 1253 786 1320 ίπιιέων
804 1257 840 1320 οί
857 1254 992 1341 ἑταῖροι,
1011 1244 1059 1322 ῶν
1077 1277 1179 1342 προε·
1192 1284 1218 1324 ιο

225 1354 362 1421 τέτακτο
385 1351 406 1440 ἦ
426 1361 479 1441 λλη
502 1351 710 1441 ἡβασιλική,
736 1343 775 1440 ἧς
793 1361 933 1434 Κλεῖτος
956 1351 974 1422 ό
993 1360 1179 1443 Δρωπίδου

228 1454 364 1542 ἰλάρχης
382 1445 442 1542 ἦν,
466 1456 521 1523 ε’πλ
539 1453 578 1524 δὲ
594 1453 701 1542 ταύτη
719 1452 739 1542 ἡ
758 1461 929 1524 Γλαυκίου
949 1463 1021 1544 ίλη,
1040 1457 1179 1544 ἐχομένη

226 1554 264 1624 δέ
277 1553 383 1642 αὐτῆς
396 1555 417 1642 ἡ
431 1555 644 1643 Ἀρίστωνος,
663 1557 718 1624 ἐπὶ
731 1554 770 1624 δέ
782 1554 803 1643 ἡ
817 1557 1014 1636 Σωπόλιδος
1027 1557 1088 1626 τοῦ
1104 1555 1179 1644 Ἑρ·

226 1656 402 1745 μοδῶρον,
421 1658 476 1725 ε’πλ
494 1655 532 1726 δὲ
549 1656 570 1742 ἡ
585 1655 804 1745 Ἡρακλείδου
822 1659 884 1726 τοῦ
905 1656 1097 1746 Ἀντιόχου,
1124 1658 1179 1727 ἐπὶ

226 1757 333 1846 ταύτῃ
352 1757 391 1827 δέ
407 1757 428 1846 ἡ
442 1765 638 1845 Δημητρίου
656 1761 716 1826 τοῦ
732 1757 986 1847 Ἀλθαιμένους,
1003 1759 1128 1846 ταύτης
1142 1758 1179 1826 δὲ
1193 1786 1218 1828 τε

228 1861 367 1947 ἐχομένη
385 1857 406 1946 η
424 1859 644 1946 Μελεάγρου,
660 1867 835 1930 τελευταία
859 1859 898 1929 δὲ
914 1863 983 1928 τῶν
999 1863 1180 1948 βασιλικῶν

228 1964 311 2030 ίλῶν
324 1950 363 2046 ἧς
378 1959 555 2047 Ἡγέλοχος
568 1959 587 2028 ό
602 1957 842 2050 Ἱπποστράτου
858 1961 995 2050 ι’λάρχης
1012 1952 1062 2048 ἦν.
1095 1961 1179 2048 ξυμ-

227 2061 335 2150 πάσης
352 2060 390 2130 δέ
406 2065 465 2149 τῆς
482 2067 588 2132 ἰ’ππου
606 2063 676 2129 τῶν
695 2063 837 2149 ἑταίρων
862 2063 1013 2141 Φιλύτας
1037 2053 1137 2150 ἦρχεν
1161 2059 1179 2129 ὁ

188 2175 211 2223 ’θ
228 2170 478 2251 Παρμενίωνος.
524 2165 583 2249 της
613 2161 652 2230 δὲ
680 2162 854 2249 φάλαγγος
876 2166 945 2232 τῶν
969 2163 1180 2232 Μακεδόνων

228 2263 386 2351 ἐχόμενον
398 2267 467 2333 τῶν
482 2266 611 2333 ι’ππέων
625 2265 759 2352 πρῶτον
771 2265 809 2332 τὸ
821 2263 932 2352 ἄγημα
947 2266 1100 2334 ἐτέτακτο
1112 2267 1180 2333 τῶν
1193 2292 1218 2332 οε

226 2364 446 2434 όπασπιστῶν
469 2367 526 2434 καί
558 2366 613 2458 ἐπὶ
640 2364 750 2457 τούτῳ
776 2369 813 2434 οί
836 2363 931 2434 ἄλλοι
954 2363 1180 2435 όπασπισταί·

227 2465 339 2553 ἡγεῖτο
361 2466 399 2535 δὲ
417 2465 532 2535 αὐτῶν
551 2465 712 2554 Νικάνωρ
730 2465 748 2534 ό
768 2475 1024 2555 Παρμενίωνος·
1050 2466 1181 2536 τούτων

228 2568 266 2636 δὲ
291 2569 428 2656 ἐχομένη
446 2566 467 2654 ἡ
487 2575 617 2638 Κοίνου
641 2571 702 2636 τοῦ
724 2567 1003 2655 Πολεμοκράτους
1019 2567 1108 2648 τάξις
1126 2557 1181 2655 ἦν,

226 2668 308 2757 μετά
326 2667 364 2738 δὲ
381 2667 525 2749 τούτους
542 2667 563 2757 ἡ
580 2673 773 2757 Περδίκκου
790 2672 851 2737 τοῦ
872 2667 1051 2758 Ὀρόντου,
1071 2675 1182 2737 ἔπειτα

227 2770 248 2856 ἡ
263 2769 464 2859 Μελεάγρου
478 2773 540 2839 τού
554 2770 804 2856 Νεοπτολέμου,
823 2771 878 2838 ἐπὶ
892 2769 930 2838 δέ
943 2769 964 2857 η
979 2771 1181 2857 Πολυσπέρ-
1193 2796 1220 2840 οε

227 2897 344 2956 χοντος
361 2874 422 2940 τού
443 2878 604 2959 Σιμμίου,
624 2871 678 2939 ε’πλ
693 2870 732 2940 δὲ
748 2869 769 2958 ἡ
784 2869 951 2958 Ἀμύντου
964 2875 1025 2940 τοῦ
1041 2870 1182 2958 Ἀνδρο-

228 2973 367 3060 μένους·
400 2972 525 3060 ταύτης
554 2970 592 3041 δὲ
615 2969 728 3059 ἡγεῖτο
752 2981 918 3060 Σιμμίας,
948 2969 998 3040 ότι
1016 2970 1183 3061 Ἀμύντας

230 3075 285 3141 ἐπὶ
308 3077 526 3152 Μακεδονίας
558 3075 591 3152 ἐς
614 3071 781 3160 ξυλλογὴν
805 3075 960 3162 στρατιᾶς
984 3074 1183 3161 ἐσταλμένος

179 3189 211 3238 ιο
227 3165 278 3261 ἦν.
318 3171 356 3242 τό
375 3173 413 3242 δὲ
430 3173 608 3260 εύῶννμον
621 3177 680 3261 της
698 3174 872 3261 φάλαγγος
888 3177 957 3243 τῶν
971 3174 1183 3244 Μακεδόνων

227 3274 248 3364 ἡ
267 3276 442 3364 Κρατέρου
466 3278 527 3343 τού
543 3273 765 3363 Ἀλεξάνδρου
783 3275 873 3358 τάξις
892 3274 978 3363 εἶχε,
1003 3276 1062 3344 καὶ
1079 3273 1182 3354 αύτός
1196 3301 1222 3341 ιο

229 3377 398 3467 Κράτερος
429 3377 543 3467 ἐξῆρχε
571 3379 632 3446 τοῦ
660 3375 839 3464 εόωνύμου
869 3379 939 3445 τῶν
966 3379 1087 3460 πεζῶν·
1126 3377 1184 3444 καί

230 3483 343 3558 ίοτπεῑς
362 3477 513 3568 ἐχόμενοι
526 3475 633 3548 αύτού
653 3483 689 3548 οί
703 3477 880 3568 ξύμμαχοι,
899 3469 947 3548 ῶν
964 3475 1077 3566 ἡγεῖτο
1091 3475 1182 3566 Ἐρί-
