<?xml version="1.0" encoding="UTF-8"?>
<!DOCTYPE html PUBLIC "-//W3C//DTD XHTML 1.0 Transitional//EN"
    "http://www.w3.org/TR/xhtml1/DTD/xhtml1-transitional.dtd">
<html xmlns="http://www.w3.org/1999/xhtml" xml:lang="en" lang="en">
 <head>
  <title>
</title>
<meta http-equiv="Content-Type" content="text/html;charset=utf-8" />
  <meta name='ocr-system' content='tesseract 3.04.00' />
  <meta name='ocr-capabilities' content='ocr_page ocr_carea ocr_par ocr_line ocrx_word'/>
</head>
<body>
  <div class='ocr_page' id='page_1' title='image "./arrianianabasis00abicgoog_0141.png"; bbox 0 0 2664 3946; ppageno 0'>
   <div class='ocr_carea' id='block_1_1' title="bbox 228 254 832 320">
    <p class='ocr_par' dir='ltr' id='par_1_1' title="bbox 228 254 832 320">
     <span class='ocr_line' id='line_1_1' title="bbox 228 254 832 320; baseline 0.002 -13"><span class='ocrx_word' id='word_1_1' title='bbox 228 255 291 320; x_wconf 88' lang='lat'><strong><em>110</em></strong></span> <span class='ocrx_word' id='word_1_2' title='bbox 579 254 832 312; x_wconf 72' lang='grc' dir='ltr'><strong><em>ελεωιωεεοε</em></strong></span> 
     </span>
    </p>
   </div>
   <div class='ocr_carea' id='block_1_2' title="bbox 195 393 1221 1802">
    <p class='ocr_par' dir='ltr' id='par_1_2' title="bbox 223 393 1209 1195">
     <span class='ocr_line' id='line_1_2' title="bbox 223 393 1185 488; baseline 0.002 -19"><span class='ocrx_word' id='word_1_3' title='bbox 223 397 396 487; x_wconf 77' lang='grc' dir='ltr'><strong><em>Ἀρβήλων</em></strong></span> <span class='ocrx_word' id='word_1_4' title='bbox 412 397 471 484; x_wconf 75' lang='grc' dir='ltr'><strong><em>τῆς</em></strong></span> <span class='ocrx_word' id='word_1_5' title='bbox 488 395 617 476; x_wconf 89' lang='grc' dir='ltr'><strong><em>πόλεως</em></strong></span> <span class='ocrx_word' id='word_1_6' title='bbox 640 393 723 465; x_wconf 85' lang='grc' dir='ltr'><strong><em>ὅσον</em></strong></span> <span class='ocrx_word' id='word_1_7' title='bbox 742 397 936 478; x_wconf 82' lang='grc' dir='ltr'><strong><em>ἑξακοσίους</em></strong></span> <span class='ocrx_word' id='word_1_8' title='bbox 954 402 1127 488; x_wconf 76' lang='grc' dir='ltr'><em>σταδίους,</em></span> <span class='ocrx_word' id='word_1_9' title='bbox 1147 403 1185 470; x_wconf 87' lang='grc' dir='ltr'><strong><em>έν</em></strong></span> 
     </span>
     <span class='ocr_line' id='line_1_3' title="bbox 225 495 1183 591; baseline 0.003 -23"><span class='ocrx_word' id='word_1_10' title='bbox 225 499 326 591; x_wconf 75' lang='grc' dir='ltr'><strong><em>χείρω</em></strong></span> <span class='ocrx_word' id='word_1_11' title='bbox 336 497 452 590; x_wconf 79' lang='grc' dir='ltr'><strong><em>ὁμαλῷ</em></strong></span> <span class='ocrx_word' id='word_1_12' title='bbox 466 498 583 586; x_wconf 93' lang='grc' dir='ltr'><strong><em>πάντη.</em></strong></span> <span class='ocrx_word' id='word_1_13' title='bbox 610 498 743 586; x_wconf 79' lang='grc' dir='ltr'><strong><em>καὶγὰρ</em></strong></span> <span class='ocrx_word' id='word_1_14' title='bbox 755 499 813 568; x_wconf 80' lang='grc' dir='ltr'><strong><em>καί</em></strong></span> <span class='ocrx_word' id='word_1_15' title='bbox 827 495 890 568; x_wconf 85' lang='grc' dir='ltr'><strong><em>ὅσα</em></strong></span> <span class='ocrx_word' id='word_1_16' title='bbox 899 496 1062 586; x_wconf 82' lang='grc' dir='ltr'><strong><em>άνάμαλα</em></strong></span> <span class='ocrx_word' id='word_1_17' title='bbox 1071 500 1183 571; x_wconf 83' lang='grc' dir='ltr'><strong><em>αότοῦ</em></strong></span> 
     </span>
     <span class='ocr_line' id='line_1_4' title="bbox 227 598 1184 689; baseline 0.001 -18"><span class='ocrx_word' id='word_1_18' title='bbox 227 605 262 682; x_wconf 91' lang='grc' dir='ltr'><strong><em>ές</em></strong></span> <span class='ocrx_word' id='word_1_19' title='bbox 287 606 470 688; x_wconf 76' lang='grc' dir='ltr'><strong><em>ἱππασίαν,</em></strong></span> <span class='ocrx_word' id='word_1_20' title='bbox 495 602 603 668; x_wconf 80' lang='grc' dir='ltr'><strong><em>ταῦτα</em></strong></span> <span class='ocrx_word' id='word_1_21' title='bbox 629 598 667 668; x_wconf 80' lang='grc' dir='ltr'><strong><em>δέ</em></strong></span> <span class='ocrx_word' id='word_1_22' title='bbox 698 602 735 668; x_wconf 88' lang='grc' dir='ltr'><strong><em>ἐκ</em></strong></span> <span class='ocrx_word' id='word_1_23' title='bbox 762 600 890 668; x_wconf 83' lang='grc' dir='ltr'><strong><em>πολλοῦ</em></strong></span> <span class='ocrx_word' id='word_1_24' title='bbox 916 605 954 669; x_wconf 81' lang='grc' dir='ltr'><strong><em>οἱ</em></strong></span> <span class='ocrx_word' id='word_1_25' title='bbox 968 602 1097 689; x_wconf 78' lang='grc' dir='ltr'><strong><em>Πέρσαι</em></strong></span> <span class='ocrx_word' id='word_1_26' title='bbox 1112 619 1184 683; x_wconf 85' lang='grc' dir='ltr'><strong><em>τοῖς</em></strong></span> 
     </span>
     <span class='ocr_line' id='line_1_5' title="bbox 225 697 1182 792; baseline 0.001 -21"><span class='ocrx_word' id='word_1_27' title='bbox 225 728 262 772; x_wconf 87' lang='grc' dir='ltr'><strong><em>τε</em></strong></span> <span class='ocrx_word' id='word_1_28' title='bbox 284 697 429 790; x_wconf 80' lang='grc' dir='ltr'><strong><em>ἅρμασιν</em></strong></span> <span class='ocrx_word' id='word_1_29' title='bbox 454 699 650 770; x_wconf 74' lang='grc' dir='ltr'><strong><em>ἐπελαύνειν</em></strong></span> <span class='ocrx_word' id='word_1_30' title='bbox 674 699 797 788; x_wconf 78' lang='grc' dir='ltr'><strong><em>εὐπετῆ</em></strong></span> <span class='ocrx_word' id='word_1_31' title='bbox 819 700 1040 789; x_wconf 80' lang='grc' dir='ltr'><strong><em>πεποιήκεσαν</em></strong></span> <span class='ocrx_word' id='word_1_32' title='bbox 1064 705 1122 772; x_wconf 83' lang='grc' dir='ltr'><strong><em>καλ</em></strong></span> <span class='ocrx_word' id='word_1_33' title='bbox 1139 707 1182 792; x_wconf 82' lang='grc' dir='ltr'><strong><em>ιη’</em></strong></span> 
     </span>
     <span class='ocr_line' id='line_1_6' title="bbox 227 792 1209 895; baseline -0.002 -23"><span class='ocrx_word' id='word_1_34' title='bbox 227 809 321 895; x_wconf 76' lang='grc' dir='ltr'><strong><em>ἵππῳ</em></strong></span> <span class='ocrx_word' id='word_1_35' title='bbox 350 802 525 889; x_wconf 77' lang='grc' dir='ltr'><strong><em>ἱππάσιμα.</em></strong></span> <span class='ocrx_word' id='word_1_36' title='bbox 564 792 649 888; x_wconf 75' lang='grc' dir='ltr'><strong><em>ἦσαν</em></strong></span> <span class='ocrx_word' id='word_1_37' title='bbox 673 802 740 889; x_wconf 85' lang='grc' dir='ltr'><strong><em>γάρ</em></strong></span> <span class='ocrx_word' id='word_1_38' title='bbox 764 809 801 870; x_wconf 81' lang='grc' dir='ltr'><strong><em>οἳ</em></strong></span> <span class='ocrx_word' id='word_1_39' title='bbox 828 800 1010 872; x_wconf 73' lang='grc' dir='ltr'><strong><em>ἀνέπειθον</em></strong></span> <span class='ocrx_word' id='word_1_40' title='bbox 1033 815 1209 892; x_wconf 80' lang='grc' dir='ltr'><strong><em>Δαρεῖονε</em></strong></span> 
     </span>
     <span class='ocr_line' id='line_1_7' title="bbox 225 901 1182 994; baseline 0.001 -20"><span class='ocrx_word' id='word_1_41' title='bbox 225 903 315 992; x_wconf 66' lang='grc' dir='ltr'><strong><em>άπερ</em></strong></span> <span class='ocrx_word' id='word_1_42' title='bbox 332 908 391 991; x_wconf 81' lang='grc' dir='ltr'><strong><em>τῆς</em></strong></span> <span class='ocrx_word' id='word_1_43' title='bbox 404 902 489 992; x_wconf 87' lang='grc' dir='ltr'><strong><em>πρὸς</em></strong></span> <span class='ocrx_word' id='word_1_44' title='bbox 504 901 599 994; x_wconf 74' lang='grc' dir='ltr'><strong><em>Ἰσσῷ</em></strong></span> <span class='ocrx_word' id='word_1_45' title='bbox 616 903 798 991; x_wconf 85' lang='grc' dir='ltr'><strong><em>γενομένης</em></strong></span> <span class='ocrx_word' id='word_1_46' title='bbox 811 903 917 991; x_wconf 88' lang='grc' dir='ltr'><strong><em>μάχης</em></strong></span> <span class='ocrx_word' id='word_1_47' title='bbox 930 901 981 972; x_wconf 84' lang='grc' dir='ltr'><strong><em>ότι</em></strong></span> <span class='ocrx_word' id='word_1_48' title='bbox 994 901 1060 993; x_wconf 87' lang='grc' dir='ltr'><strong><em>άρα</em></strong></span> <span class='ocrx_word' id='word_1_49' title='bbox 1075 909 1182 994; x_wconf 81' lang='grc' dir='ltr'><strong><em>έμειο·</em></strong></span> 
     </span>
     <span class='ocr_line' id='line_1_8' title="bbox 224 1004 1182 1094; baseline 0.001 -19"><span class='ocrx_word' id='word_1_50' title='bbox 224 1008 363 1093; x_wconf 84' lang='grc' dir='ltr'><strong><em>νέκτησε</em></strong></span> <span class='ocrx_word' id='word_1_51' title='bbox 386 1007 456 1073; x_wconf 79' lang='grc' dir='ltr'><strong><em>τῶν</em></strong></span> <span class='ocrx_word' id='word_1_52' title='bbox 473 1011 608 1093; x_wconf 88' lang='grc' dir='ltr'><strong><em>χωρίων</em></strong></span> <span class='ocrx_word' id='word_1_53' title='bbox 631 1006 673 1092; x_wconf 76' lang='grc' dir='ltr'><strong><em>τῇ</em></strong></span> <span class='ocrx_word' id='word_1_54' title='bbox 692 1004 874 1092; x_wconf 81' lang='grc' dir='ltr'><strong><em>στενότητι·</em></strong></span> <span class='ocrx_word' id='word_1_55' title='bbox 901 1006 958 1074; x_wconf 80' lang='grc' dir='ltr'><strong><em>καὶ</em></strong></span> <span class='ocrx_word' id='word_1_56' title='bbox 976 1017 1122 1094; x_wconf 79' lang='grc' dir='ltr'><strong><em>Δαρεῖος</em></strong></span> <span class='ocrx_word' id='word_1_57' title='bbox 1140 1005 1182 1076; x_wconf 85' lang='grc' dir='ltr'><strong><em>οά</em></strong></span> 
     </span>
     <span class='ocr_line' id='line_1_9' title="bbox 226 1109 559 1195; baseline -0.012 -19"><span class='ocrx_word' id='word_1_58' title='bbox 226 1111 380 1195; x_wconf 79' lang='grc' dir='ltr'><strong><em>χαλεπῶς</em></strong></span> <span class='ocrx_word' id='word_1_59' title='bbox 399 1109 559 1176; x_wconf 89' lang='grc' dir='ltr'><strong><em>ἐπείθετο.</em></strong></span> 
     </span>
    </p>

    <p class='ocr_par' dir='ltr' id='par_1_3' title="bbox 195 1204 1221 1808">
     <span class='ocr_line' id='line_1_10' title="bbox 195 1204 1183 1298; baseline -0.004 -18"><span class='ocrx_word' id='word_1_60' title='bbox 195 1213 217 1280; x_wconf 85' lang='grc'>9</span> <span class='ocrx_word' id='word_1_61' title='bbox 308 1211 422 1278; x_wconf 81' lang='grc' dir='ltr'><strong><em>Ταῦτα</em></strong></span> <span class='ocrx_word' id='word_1_62' title='bbox 441 1204 486 1288; x_wconf 74' lang='grc' dir='ltr'><strong><em>τός</em></strong></span> <span class='ocrx_word' id='word_1_63' title='bbox 505 1207 689 1294; x_wconf 76' lang='grc' dir='ltr'><strong><em>ἐξηγγέλθη</em></strong></span> <span class='ocrx_word' id='word_1_64' title='bbox 704 1205 912 1298; x_wconf 80' lang='grc' dir='ltr'><strong><em>Ἀλεξάνδρῳ</em></strong></span> <span class='ocrx_word' id='word_1_65' title='bbox 929 1207 1014 1294; x_wconf 86' lang='grc' dir='ltr'><strong><em>πρὸς</em></strong></span> <span class='ocrx_word' id='word_1_66' title='bbox 1031 1210 1101 1277; x_wconf 79' lang='grc' dir='ltr'><strong><em>τῶν</em></strong></span> <span class='ocrx_word' id='word_1_67' title='bbox 1117 1235 1183 1276; x_wconf 87' lang='grc' dir='ltr'><strong><em>κα·</em></strong></span> 
     </span>
     <span class='ocr_line' id='line_1_11' title="bbox 224 1305 1221 1396; baseline 0 -18"><span class='ocrx_word' id='word_1_68' title='bbox 224 1308 403 1380; x_wconf 86' lang='grc' dir='ltr'><strong><em>τασκόπων</em></strong></span> <span class='ocrx_word' id='word_1_69' title='bbox 419 1310 489 1377; x_wconf 77' lang='grc' dir='ltr'><strong><em>τῶν</em></strong></span> <span class='ocrx_word' id='word_1_70' title='bbox 503 1311 647 1395; x_wconf 79' lang='grc' dir='ltr'><strong><em>Περσῶν</em></strong></span> <span class='ocrx_word' id='word_1_71' title='bbox 660 1305 733 1376; x_wconf 85' lang='grc' dir='ltr'><strong><em>ὅσοι</em></strong></span> <span class='ocrx_word' id='word_1_72' title='bbox 747 1307 911 1396; x_wconf 81' lang='grc' dir='ltr'><strong><em>ἑάλωσαν,</em></strong></span> <span class='ocrx_word' id='word_1_73' title='bbox 930 1314 1058 1396; x_wconf 80' lang='grc' dir='ltr'><strong><em>ἔμεινεν</em></strong></span> <span class='ocrx_word' id='word_1_74' title='bbox 1072 1307 1179 1379; x_wconf 78' lang='grc' dir='ltr'><strong><em>αὐτοῦ</em></strong></span> <span class='ocrx_word' id='word_1_75' title='bbox 1196 1338 1221 1378; x_wconf 82' lang='grc' dir='ltr'><strong><em>ιο</em></strong></span> 
     </span>
     <span class='ocr_line' id='line_1_12' title="bbox 224 1407 1181 1500; baseline 0 -20"><span class='ocrx_word' id='word_1_76' title='bbox 224 1415 282 1480; x_wconf 82' lang='grc' dir='ltr'><strong><em>ίνα</em></strong></span> <span class='ocrx_word' id='word_1_77' title='bbox 308 1411 491 1499; x_wconf 77' lang='grc' dir='ltr'><strong><em>ἐξηγγέλθη</em></strong></span> <span class='ocrx_word' id='word_1_78' title='bbox 515 1407 640 1496; x_wconf 84' lang='grc' dir='ltr'><strong><em>ἡμέρας</em></strong></span> <span class='ocrx_word' id='word_1_79' title='bbox 656 1410 835 1499; x_wconf 87' lang='grc' dir='ltr'><strong><em>τέσσαρας·</em></strong></span> <span class='ocrx_word' id='word_1_80' title='bbox 868 1410 926 1478; x_wconf 81' lang='grc' dir='ltr'><strong><em>καλ</em></strong></span> <span class='ocrx_word' id='word_1_81' title='bbox 943 1409 1005 1497; x_wconf 80' lang='grc' dir='ltr'><strong><em>τὴν</em></strong></span> <span class='ocrx_word' id='word_1_82' title='bbox 1022 1412 1181 1500; x_wconf 86' lang='grc' dir='ltr'><strong><em>στρατιάν</em></strong></span> 
     </span>
     <span class='ocr_line' id='line_1_13' title="bbox 225 1508 1181 1604; baseline 0 -23"><span class='ocrx_word' id='word_1_83' title='bbox 225 1515 262 1582; x_wconf 88' lang='grc' dir='ltr'><strong><em>ἐκ</em></strong></span> <span class='ocrx_word' id='word_1_84' title='bbox 277 1515 336 1600; x_wconf 77' lang='grc' dir='ltr'><strong><em>τῆς</em></strong></span> <span class='ocrx_word' id='word_1_85' title='bbox 353 1509 437 1580; x_wconf 83' lang='grc' dir='ltr'><strong><em>ὁδοῦ</em></strong></span> <span class='ocrx_word' id='word_1_86' title='bbox 456 1508 639 1598; x_wconf 89' lang='grc' dir='ltr'><strong><em>άνέπαυσε,</em></strong></span> <span class='ocrx_word' id='word_1_87' title='bbox 656 1509 697 1577; x_wconf 92' lang='grc' dir='ltr'><strong><em>τό</em></strong></span> <span class='ocrx_word' id='word_1_88' title='bbox 712 1537 749 1579; x_wconf 88' lang='grc' dir='ltr'><strong><em>τε</em></strong></span> <span class='ocrx_word' id='word_1_89' title='bbox 765 1509 993 1600; x_wconf 87' lang='grc' dir='ltr'><strong><em>στρατόπεδον</em></strong></span> <span class='ocrx_word' id='word_1_90' title='bbox 1009 1511 1128 1604; x_wconf 82' lang='grc' dir='ltr'><strong><em>τάφρῳ</em></strong></span> <span class='ocrx_word' id='word_1_91' title='bbox 1146 1539 1181 1582; x_wconf 89' lang='grc' dir='ltr'><strong><em>τε</em></strong></span> 
     </span>
     <span class='ocr_line' id='line_1_14' title="bbox 224 1610 1180 1702; baseline 0 -20"><span class='ocrx_word' id='word_1_92' title='bbox 224 1615 280 1682; x_wconf 80' lang='grc' dir='ltr'><strong><em>καὶ</em></strong></span> <span class='ocrx_word' id='word_1_93' title='bbox 300 1611 420 1702; x_wconf 92' lang='grc' dir='ltr'><strong><em>χάρακι</em></strong></span> <span class='ocrx_word' id='word_1_94' title='bbox 437 1614 603 1697; x_wconf 81' lang='grc' dir='ltr'><strong><em>ἐτείχισεν.</em></strong></span> <span class='ocrx_word' id='word_1_95' title='bbox 645 1617 732 1697; x_wconf 78' lang='grc' dir='ltr'><strong><em>ἔγνω</em></strong></span> <span class='ocrx_word' id='word_1_96' title='bbox 752 1611 819 1700; x_wconf 88' lang='grc' dir='ltr'><strong><em>γάρ</em></strong></span> <span class='ocrx_word' id='word_1_97' title='bbox 842 1611 884 1680; x_wconf 81' lang='grc' dir='ltr'><strong><em>τά</em></strong></span> <span class='ocrx_word' id='word_1_98' title='bbox 901 1610 964 1699; x_wconf 70' lang='grc' dir='ltr'><strong><em>μέν</em></strong></span> <span class='ocrx_word' id='word_1_99' title='bbox 988 1613 1180 1702; x_wconf 82' lang='grc' dir='ltr'><strong><em>σκευοφόρα</em></strong></span> 
     </span>
     <span class='ocr_line' id='line_1_15' title="bbox 224 1705 1180 1802; baseline 0 -19"><span class='ocrx_word' id='word_1_100' title='bbox 224 1713 418 1784; x_wconf 88' lang='grc' dir='ltr'><strong><em>άπολείπειν</em></strong></span> <span class='ocrx_word' id='word_1_101' title='bbox 431 1714 488 1781; x_wconf 85' lang='grc' dir='ltr'><strong><em>καὶ</em></strong></span> <span class='ocrx_word' id='word_1_102' title='bbox 502 1709 574 1782; x_wconf 85' lang='grc' dir='ltr'><strong><em>ὅσοι</em></strong></span> <span class='ocrx_word' id='word_1_103' title='bbox 590 1715 659 1780; x_wconf 79' lang='grc' dir='ltr'><strong><em>τῶν</em></strong></span> <span class='ocrx_word' id='word_1_104' title='bbox 673 1715 884 1801; x_wconf 82' lang='grc' dir='ltr'><strong><em>στρατιωτῶν</em></strong></span> <span class='ocrx_word' id='word_1_105' title='bbox 901 1711 1069 1800; x_wconf 90' lang='grc' dir='ltr'><strong><em>άπόμαχοι</em></strong></span> <span class='ocrx_word' id='word_1_106' title='bbox 1081 1705 1180 1802; x_wconf 78' lang='grc' dir='ltr'><strong><em>ἦσαν,</em></strong></span> 
     </span>
    </p>
   </div>
   <div class='ocr_carea' id='block_1_3' title="bbox 188 1908 1218 3624">
    <p class='ocr_par' dir='ltr' id='par_1_4' title="bbox 190 1908 1218 2813">
     <span class='ocr_line' id='line_1_16' title="bbox 190 1908 1180 2005; baseline 0.005 -25"><span class='ocrx_word' id='word_1_107' title='bbox 190 1928 207 1980; x_wconf 78' lang='lat'><em>2</em></span> <span class='ocrx_word' id='word_1_108' title='bbox 227 1917 389 2004; x_wconf 88' lang='grc' dir='ltr'><strong><em>φέρουσιν</em></strong></span> <span class='ocrx_word' id='word_1_109' title='bbox 409 1916 495 1985; x_wconf 80' lang='grc' dir='ltr'><strong><em>ἰέναι</em></strong></span> <span class='ocrx_word' id='word_1_110' title='bbox 513 1917 546 1996; x_wconf 90' lang='grc' dir='ltr'><strong><em>ἐς</em></strong></span> <span class='ocrx_word' id='word_1_111' title='bbox 569 1914 629 1983; x_wconf 86' lang='grc' dir='ltr'><strong><em>τόν</em></strong></span> <span class='ocrx_word' id='word_1_112' title='bbox 652 1913 778 2002; x_wconf 81' lang='grc' dir='ltr'><strong><em>ἀγῶνα.</em></strong></span> <span class='ocrx_word' id='word_1_113' title='bbox 822 1913 1006 2004; x_wconf 77' lang='grc' dir='ltr'><strong><em>άναλαβάν</em></strong></span> <span class='ocrx_word' id='word_1_114' title='bbox 1030 1908 1094 1985; x_wconf 83' lang='grc' dir='ltr'><strong><em>οὖν</em></strong></span> <span class='ocrx_word' id='word_1_115' title='bbox 1117 1918 1180 2005; x_wconf 81' lang='grc' dir='ltr'><strong><em>τὴν</em></strong></span> 
     </span>
     <span class='ocr_line' id='line_1_17' title="bbox 223 2005 1180 2106; baseline -0.001 -19"><span class='ocrx_word' id='word_1_116' title='bbox 223 2017 371 2106; x_wconf 76' lang='grc' dir='ltr'><strong><em>δύναμιν</em></strong></span> <span class='ocrx_word' id='word_1_117' title='bbox 393 2016 517 2096; x_wconf 87' lang='grc' dir='ltr'><strong><em>νυκτός</em></strong></span> <span class='ocrx_word' id='word_1_118' title='bbox 540 2005 621 2104; x_wconf 77' lang='grc' dir='ltr'><strong><em>ἦγεν</em></strong></span> <span class='ocrx_word' id='word_1_119' title='bbox 644 2015 733 2104; x_wconf 83' lang='grc' dir='ltr'><strong><em>άμφλ</em></strong></span> <span class='ocrx_word' id='word_1_120' title='bbox 758 2017 920 2104; x_wconf 77' lang='grc' dir='ltr'><strong><em>δευτέραν</em></strong></span> <span class='ocrx_word' id='word_1_121' title='bbox 938 2017 1095 2106; x_wconf 80' lang='grc' dir='ltr'><strong><em>φυλακὴν</em></strong></span> <span class='ocrx_word' id='word_1_122' title='bbox 1112 2018 1180 2106; x_wconf 87' lang='grc' dir='ltr'><strong><em>μά-</em></strong></span> 
     </span>
     <span class='ocr_line' id='line_1_18' title="bbox 224 2115 1179 2207; baseline -0.001 -19"><span class='ocrx_word' id='word_1_123' title='bbox 224 2127 331 2206; x_wconf 89' lang='grc' dir='ltr'><strong><em>λιστα,</em></strong></span> <span class='ocrx_word' id='word_1_124' title='bbox 349 2117 394 2199; x_wconf 74' lang='grc' dir='ltr'><strong><em>ὥς</em></strong></span> <span class='ocrx_word' id='word_1_125' title='bbox 408 2115 460 2206; x_wconf 79' lang='grc' dir='ltr'><strong><em>ἅμ’</em></strong></span> <span class='ocrx_word' id='word_1_126' title='bbox 478 2116 587 2207; x_wconf 78' lang='grc' dir='ltr'><strong><em>ἡμέρᾳ</em></strong></span> <span class='ocrx_word' id='word_1_127' title='bbox 601 2119 780 2205; x_wconf 82' lang='grc' dir='ltr'><strong><em>προσμῖξαι</em></strong></span> <span class='ocrx_word' id='word_1_128' title='bbox 792 2133 863 2198; x_wconf 86' lang='grc' dir='ltr'><strong><em>τοίς</em></strong></span> <span class='ocrx_word' id='word_1_129' title='bbox 876 2118 1067 2207; x_wconf 80' lang='grc' dir='ltr'><strong><em>βαρβάροις.</em></strong></span> <span class='ocrx_word' id='word_1_130' title='bbox 1104 2131 1179 2190; x_wconf 90' lang='grc' dir='ltr'><strong><em>Δα-</em></strong></span> 
     </span>
     <span class='ocr_line' id='line_1_19' title="bbox 224 2217 1179 2309; baseline -0.001 -20"><span class='ocrx_word' id='word_1_131' title='bbox 224 2235 313 2306; x_wconf 75' lang='grc' dir='ltr'><strong><em>ρεῖος</em></strong></span> <span class='ocrx_word' id='word_1_132' title='bbox 327 2220 378 2308; x_wconf 90' lang='grc' dir='ltr'><strong><em>δέ,</em></strong></span> <span class='ocrx_word' id='word_1_133' title='bbox 396 2218 443 2299; x_wconf 74' lang='grc' dir='ltr'><strong><em>ὥς</em></strong></span> <span class='ocrx_word' id='word_1_134' title='bbox 456 2219 692 2306; x_wconf 81' lang='grc' dir='ltr'><strong><em>προσηγγέλθη</em></strong></span> <span class='ocrx_word' id='word_1_135' title='bbox 710 2217 804 2309; x_wconf 76' lang='grc' dir='ltr'><strong><em>αὐτῷ</em></strong></span> <span class='ocrx_word' id='word_1_136' title='bbox 818 2219 999 2306; x_wconf 83' lang='grc' dir='ltr'><strong><em>προσάγων</em></strong></span> <span class='ocrx_word' id='word_1_137' title='bbox 1012 2218 1074 2308; x_wconf 75' lang='grc' dir='ltr'><strong><em>ἤδη</em></strong></span> <span class='ocrx_word' id='word_1_138' title='bbox 1085 2219 1179 2290; x_wconf 87' lang='grc' dir='ltr'><strong><em>Ἀλέ-</em></strong></span> 
     </span>
     <span class='ocr_line' id='line_1_20' title="bbox 224 2318 1218 2409; baseline -0.002 -19"><span class='ocrx_word' id='word_1_139' title='bbox 224 2323 385 2409; x_wconf 82' lang='grc' dir='ltr'><strong><em>ξανδρος,</em></strong></span> <span class='ocrx_word' id='word_1_140' title='bbox 410 2321 559 2390; x_wconf 84' lang='grc' dir='ltr'><strong><em>ἐκτάσσει</em></strong></span> <span class='ocrx_word' id='word_1_141' title='bbox 579 2319 642 2407; x_wconf 78' lang='grc' dir='ltr'><strong><em>τὴν</em></strong></span> <span class='ocrx_word' id='word_1_142' title='bbox 665 2321 823 2408; x_wconf 84' lang='grc' dir='ltr'><strong><em>στρατιάν</em></strong></span> <span class='ocrx_word' id='word_1_143' title='bbox 848 2318 895 2399; x_wconf 74' lang='grc' dir='ltr'><strong><em>ὥς</em></strong></span> <span class='ocrx_word' id='word_1_144' title='bbox 918 2323 952 2400; x_wconf 84' lang='grc' dir='ltr'><strong><em>ἐς</em></strong></span> <span class='ocrx_word' id='word_1_145' title='bbox 969 2321 1095 2409; x_wconf 82' lang='grc' dir='ltr'><strong><em>μάχην·</em></strong></span> <span class='ocrx_word' id='word_1_146' title='bbox 1121 2324 1179 2390; x_wconf 84' lang='grc' dir='ltr'><strong><em>καὶ</em></strong></span> <span class='ocrx_word' id='word_1_147' title='bbox 1192 2347 1218 2388; x_wconf 81' lang='grc' dir='ltr'><strong><em>εο</em></strong></span> 
     </span>
     <span class='ocr_line' id='line_1_21' title="bbox 220 2413 1179 2510; baseline -0.001 -17"><span class='ocrx_word' id='word_1_148' title='bbox 220 2422 438 2510; x_wconf 76' lang='grc' dir='ltr'><strong><em>Ἀλέξανδρος</em></strong></span> <span class='ocrx_word' id='word_1_149' title='bbox 452 2413 532 2510; x_wconf 81' lang='grc' dir='ltr'><strong><em>ἦγεν</em></strong></span> <span class='ocrx_word' id='word_1_150' title='bbox 548 2419 710 2500; x_wconf 74' lang='grc' dir='ltr'><strong><em>ὦσαότως</em></strong></span> <span class='ocrx_word' id='word_1_151' title='bbox 727 2423 959 2507; x_wconf 80' lang='grc' dir='ltr'><strong><em>τεταγμένους.</em></strong></span> <span class='ocrx_word' id='word_1_152' title='bbox 991 2424 1049 2490; x_wconf 80' lang='grc' dir='ltr'><strong><em>καὶ</em></strong></span> <span class='ocrx_word' id='word_1_153' title='bbox 1063 2421 1179 2509; x_wconf 83' lang='grc' dir='ltr'><strong><em>άπείχε</em></strong></span> 
     </span>
     <span class='ocr_line' id='line_1_22' title="bbox 223 2520 1178 2613; baseline 0.002 -20"><span class='ocrx_word' id='word_1_154' title='bbox 223 2523 285 2612; x_wconf 70' lang='grc' dir='ltr'><strong><em>μὲν</em></strong></span> <span class='ocrx_word' id='word_1_155' title='bbox 295 2523 450 2611; x_wconf 82' lang='grc' dir='ltr'><strong><em>άλληλων</em></strong></span> <span class='ocrx_word' id='word_1_156' title='bbox 463 2523 504 2591; x_wconf 82' lang='grc' dir='ltr'><strong><em>τά</em></strong></span> <span class='ocrx_word' id='word_1_157' title='bbox 519 2522 727 2610; x_wconf 87' lang='grc' dir='ltr'><strong><em>στρατόπεδα</em></strong></span> <span class='ocrx_word' id='word_1_158' title='bbox 740 2520 823 2591; x_wconf 86' lang='grc' dir='ltr'><strong><em>ὅσον</em></strong></span> <span class='ocrx_word' id='word_1_159' title='bbox 834 2521 993 2609; x_wconf 79' lang='grc' dir='ltr'><strong><em>ἑξήκοντα</em></strong></span> <span class='ocrx_word' id='word_1_160' title='bbox 1007 2529 1178 2613; x_wconf 79' lang='grc' dir='ltr'><strong><em>σταδίους,</em></strong></span> 
     </span>
     <span class='ocr_line' id='line_1_23' title="bbox 223 2621 1179 2717; baseline 0.001 -23"><span class='ocrx_word' id='word_1_161' title='bbox 223 2623 264 2694; x_wconf 80' lang='grc' dir='ltr'><strong><em>οὗ</em></strong></span> <span class='ocrx_word' id='word_1_162' title='bbox 275 2626 341 2712; x_wconf 84' lang='grc' dir='ltr'><strong><em>μήν</em></strong></span> <span class='ocrx_word' id='word_1_163' title='bbox 350 2651 402 2694; x_wconf 89' lang='grc' dir='ltr'><strong><em>πω</em></strong></span> <span class='ocrx_word' id='word_1_164' title='bbox 411 2622 594 2712; x_wconf 71' lang='grc' dir='ltr'><strong><em>καθεώρων</em></strong></span> <span class='ocrx_word' id='word_1_165' title='bbox 607 2621 788 2710; x_wconf 78' lang='grc' dir='ltr'><strong><em>ἀλλήλους·</em></strong></span> <span class='ocrx_word' id='word_1_166' title='bbox 805 2624 949 2711; x_wconf 85' lang='grc' dir='ltr'><strong><em>γήλοφοι</em></strong></span> <span class='ocrx_word' id='word_1_167' title='bbox 957 2621 1023 2714; x_wconf 84' lang='grc' dir='ltr'><strong><em>γάρ</em></strong></span> <span class='ocrx_word' id='word_1_168' title='bbox 1038 2626 1179 2717; x_wconf 77' lang='grc' dir='ltr'><strong><em>ἐνμέσῳ</em></strong></span> 
     </span>
     <span class='ocr_line' id='line_1_24' title="bbox 225 2715 690 2813; baseline -0.006 -18"><span class='ocrx_word' id='word_1_169' title='bbox 225 2728 432 2813; x_wconf 86' lang='grc' dir='ltr'><strong><em>ἐπίπροσθεν</em></strong></span> <span class='ocrx_word' id='word_1_170' title='bbox 449 2723 578 2812; x_wconf 82' lang='grc' dir='ltr'><strong><em>άμφοίν</em></strong></span> <span class='ocrx_word' id='word_1_171' title='bbox 595 2715 690 2811; x_wconf 79' lang='grc' dir='ltr'><strong><em>ἦσαν.</em></strong></span> 
     </span>
    </p>

    <p class='ocr_par' dir='ltr' id='par_1_5' title="bbox 188 2821 1218 3624">
     <span class='ocr_line' id='line_1_25' title="bbox 188 2821 1216 2913; baseline 0.001 -22"><span class='ocrx_word' id='word_1_172' title='bbox 188 2840 207 2891; x_wconf 79' lang='grc' dir='ltr'><strong><em>υ</em></strong></span> <span class='ocrx_word' id='word_1_173' title='bbox 296 2825 353 2905; x_wconf 81' lang='grc' dir='ltr'><strong><em>Ὡς</em></strong></span> <span class='ocrx_word' id='word_1_174' title='bbox 375 2825 413 2895; x_wconf 80' lang='grc' dir='ltr'><strong><em>δὲ</em></strong></span> <span class='ocrx_word' id='word_1_175' title='bbox 436 2825 573 2912; x_wconf 82' lang='grc' dir='ltr'><strong><em>άπείχεν</em></strong></span> <span class='ocrx_word' id='word_1_176' title='bbox 594 2824 812 2913; x_wconf 72' lang='grc' dir='ltr'><strong><em>Ἀλέξανδρος</em></strong></span> <span class='ocrx_word' id='word_1_177' title='bbox 835 2821 917 2896; x_wconf 81' lang='grc' dir='ltr'><strong><em>ὅσον</em></strong></span> <span class='ocrx_word' id='word_1_178' title='bbox 942 2827 977 2906; x_wconf 87' lang='grc' dir='ltr'><strong><em>ἐς</em></strong></span> <span class='ocrx_word' id='word_1_179' title='bbox 1001 2826 1216 2913; x_wconf 70' lang='grc' dir='ltr'><strong><em>τριάκονταοι</em></strong></span> 
     </span>
     <span class='ocr_line' id='line_1_26' title="bbox 223 2924 1177 3018; baseline -0.001 -21"><span class='ocrx_word' id='word_1_180' title='bbox 223 2931 384 3006; x_wconf 79' lang='grc' dir='ltr'><strong><em>σταδίους</em></strong></span> <span class='ocrx_word' id='word_1_181' title='bbox 401 2928 459 2994; x_wconf 82' lang='grc' dir='ltr'><strong><em>καλ</em></strong></span> <span class='ocrx_word' id='word_1_182' title='bbox 472 2925 540 2996; x_wconf 90' lang='grc' dir='ltr'><strong><em>κατ’</em></strong></span> <span class='ocrx_word' id='word_1_183' title='bbox 556 2924 670 2995; x_wconf 79' lang='grc' dir='ltr'><strong><em>αὐτῶν</em></strong></span> <span class='ocrx_word' id='word_1_184' title='bbox 688 2925 750 3015; x_wconf 73' lang='grc' dir='ltr'><strong><em>ἤδη</em></strong></span> <span class='ocrx_word' id='word_1_185' title='bbox 763 2929 832 2996; x_wconf 78' lang='grc' dir='ltr'><strong><em>τῶν</em></strong></span> <span class='ocrx_word' id='word_1_186' title='bbox 845 2926 1006 3015; x_wconf 81' lang='grc' dir='ltr'><strong><em>γηλόφων</em></strong></span> <span class='ocrx_word' id='word_1_187' title='bbox 1019 2925 1072 3017; x_wconf 77' lang='grc' dir='ltr'><strong><em>ᾔει</em></strong></span> <span class='ocrx_word' id='word_1_188' title='bbox 1084 2927 1177 3018; x_wconf 78' lang='grc' dir='ltr'><strong><em>αὐτῷ</em></strong></span> 
     </span>
     <span class='ocr_line' id='line_1_27' title="bbox 222 3026 1180 3117; baseline 0 -19"><span class='ocrx_word' id='word_1_189' title='bbox 222 3027 242 3098; x_wconf 88' lang='grc' dir='ltr'><strong><em>ό</em></strong></span> <span class='ocrx_word' id='word_1_190' title='bbox 256 3028 411 3117; x_wconf 87' lang='grc' dir='ltr'><strong><em>στρατός,</em></strong></span> <span class='ocrx_word' id='word_1_191' title='bbox 427 3029 591 3115; x_wconf 83' lang='grc' dir='ltr'><strong><em>ἐνταῦθα,</em></strong></span> <span class='ocrx_word' id='word_1_192' title='bbox 605 3027 651 3107; x_wconf 74' lang='grc' dir='ltr'><strong><em>οἱς</em></strong></span> <span class='ocrx_word' id='word_1_193' title='bbox 664 3026 733 3097; x_wconf 80' lang='grc' dir='ltr'><strong><em>εἶδε</em></strong></span> <span class='ocrx_word' id='word_1_194' title='bbox 745 3029 826 3108; x_wconf 83' lang='grc' dir='ltr'><strong><em>τούς</em></strong></span> <span class='ocrx_word' id='word_1_195' title='bbox 843 3028 1050 3117; x_wconf 88' lang='grc' dir='ltr'><strong><em>βαρβάρους,</em></strong></span> <span class='ocrx_word' id='word_1_196' title='bbox 1066 3035 1180 3117; x_wconf 79' lang='grc' dir='ltr'><strong><em>ἔστησε</em></strong></span> 
     </span>
     <span class='ocr_line' id='line_1_28' title="bbox 222 3129 1179 3219; baseline -0.001 -19"><span class='ocrx_word' id='word_1_197' title='bbox 222 3129 285 3218; x_wconf 83' lang='grc' dir='ltr'><strong><em>τὴν</em></strong></span> <span class='ocrx_word' id='word_1_198' title='bbox 302 3129 412 3200; x_wconf 81' lang='grc' dir='ltr'><strong><em>αότοῦ</em></strong></span> <span class='ocrx_word' id='word_1_199' title='bbox 431 3130 605 3219; x_wconf 90' lang='grc' dir='ltr'><strong><em>φάλαγγα·</em></strong></span> <span class='ocrx_word' id='word_1_200' title='bbox 630 3131 688 3198; x_wconf 78' lang='grc' dir='ltr'><strong><em>καί</em></strong></span> <span class='ocrx_word' id='word_1_201' title='bbox 712 3130 919 3215; x_wconf 86' lang='grc' dir='ltr'><strong><em>ξυγκαλέσας</em></strong></span> <span class='ocrx_word' id='word_1_202' title='bbox 936 3129 1017 3208; x_wconf 85' lang='grc' dir='ltr'><strong><em>τοός</em></strong></span> <span class='ocrx_word' id='word_1_203' title='bbox 1034 3156 1069 3199; x_wconf 90' lang='grc' dir='ltr'><strong><em>τε</em></strong></span> <span class='ocrx_word' id='word_1_204' title='bbox 1089 3131 1179 3199; x_wconf 81' lang='grc' dir='ltr'><strong><em>ἑταί-</em></strong></span> 
     </span>
     <span class='ocr_line' id='line_1_29' title="bbox 223 3230 1180 3320; baseline 0 -20"><span class='ocrx_word' id='word_1_205' title='bbox 223 3258 304 3319; x_wconf 89' lang='grc' dir='ltr'><strong><em>ρους</em></strong></span> <span class='ocrx_word' id='word_1_206' title='bbox 317 3233 375 3301; x_wconf 83' lang='grc' dir='ltr'><strong><em>καὶ</em></strong></span> <span class='ocrx_word' id='word_1_207' title='bbox 389 3231 597 3320; x_wconf 82' lang='grc' dir='ltr'><strong><em>στρατηγοδς</em></strong></span> <span class='ocrx_word' id='word_1_208' title='bbox 611 3233 668 3299; x_wconf 80' lang='grc' dir='ltr'><strong><em>καλ</em></strong></span> <span class='ocrx_word' id='word_1_209' title='bbox 684 3230 823 3318; x_wconf 80' lang='grc' dir='ltr'><strong><em>ἰλάρχας</em></strong></span> <span class='ocrx_word' id='word_1_210' title='bbox 840 3233 898 3299; x_wconf 83' lang='grc' dir='ltr'><strong><em>καὶ</em></strong></span> <span class='ocrx_word' id='word_1_211' title='bbox 911 3234 981 3299; x_wconf 79' lang='grc' dir='ltr'><strong><em>τῶν</em></strong></span> <span class='ocrx_word' id='word_1_212' title='bbox 994 3230 1180 3319; x_wconf 88' lang='grc' dir='ltr'><strong><em>συμμάχων</em></strong></span> 
     </span>
     <span class='ocr_line' id='line_1_30' title="bbox 222 3330 1218 3422; baseline -0.001 -21"><span class='ocrx_word' id='word_1_213' title='bbox 222 3333 332 3402; x_wconf 81' lang='grc' dir='ltr'><strong><em>τεκαὶ</em></strong></span> <span class='ocrx_word' id='word_1_214' title='bbox 349 3335 419 3401; x_wconf 80' lang='grc' dir='ltr'><strong><em>τῶν</em></strong></span> <span class='ocrx_word' id='word_1_215' title='bbox 431 3332 652 3422; x_wconf 87' lang='grc' dir='ltr'><strong><em>μισθοφόρων</em></strong></span> <span class='ocrx_word' id='word_1_216' title='bbox 669 3332 776 3414; x_wconf 82' lang='grc' dir='ltr'><strong><em>ξένων</em></strong></span> <span class='ocrx_word' id='word_1_217' title='bbox 792 3331 874 3411; x_wconf 83' lang='grc' dir='ltr'><strong><em>τούς</em></strong></span> <span class='ocrx_word' id='word_1_218' title='bbox 891 3330 1059 3419; x_wconf 79' lang='grc' dir='ltr'><strong><em>ἡγεμόνας</em></strong></span> <span class='ocrx_word' id='word_1_219' title='bbox 1078 3336 1178 3421; x_wconf 86' lang='grc' dir='ltr'><strong><em>έβου·</em></strong></span> <span class='ocrx_word' id='word_1_220' title='bbox 1192 3357 1218 3400; x_wconf 79' lang='grc' dir='ltr'><strong><em>ει</em></strong></span> 
     </span>
     <span class='ocr_line' id='line_1_31' title="bbox 223 3430 1184 3522; baseline 0.001 -20"><span class='ocrx_word' id='word_1_221' title='bbox 223 3433 340 3504; x_wconf 85' lang='grc' dir='ltr'><strong><em>λεάετο</em></strong></span> <span class='ocrx_word' id='word_1_222' title='bbox 364 3441 396 3505; x_wconf 84' lang='grc' dir='ltr'><strong><em>εί</em></strong></span> <span class='ocrx_word' id='word_1_223' title='bbox 417 3431 566 3504; x_wconf 84' lang='grc' dir='ltr'><strong><em>αότόθεν</em></strong></span> <span class='ocrx_word' id='word_1_224' title='bbox 585 3433 703 3519; x_wconf 83' lang='grc' dir='ltr'><strong><em>ἐπάγοι</em></strong></span> <span class='ocrx_word' id='word_1_225' title='bbox 719 3430 782 3521; x_wconf 74' lang='grc' dir='ltr'><strong><em>ἤδη</em></strong></span> <span class='ocrx_word' id='word_1_226' title='bbox 800 3430 862 3520; x_wconf 76' lang='grc' dir='ltr'><strong><em>τὴν</em></strong></span> <span class='ocrx_word' id='word_1_227' title='bbox 881 3433 1056 3522; x_wconf 89' lang='grc' dir='ltr'><strong><em>φάλαγγα,</em></strong></span> <span class='ocrx_word' id='word_1_228' title='bbox 1083 3433 1130 3514; x_wconf 67' lang='grc' dir='ltr'><strong><em>ω’ς</em></strong></span> <span class='ocrx_word' id='word_1_229' title='bbox 1147 3437 1184 3504; x_wconf 71' lang='lat' dir='ltr'><strong><em>ol</em></strong></span> 
     </span>
     <span class='ocr_line' id='line_1_32' title="bbox 223 3530 1180 3624; baseline 0 -20"><span class='ocrx_word' id='word_1_230' title='bbox 223 3544 372 3605; x_wconf 72' lang='grc' dir='ltr'><strong><em>πλεῖστοι</em></strong></span> <span class='ocrx_word' id='word_1_231' title='bbox 383 3534 477 3623; x_wconf 85' lang='grc' dir='ltr'><strong><em>άγειν</em></strong></span> <span class='ocrx_word' id='word_1_232' title='bbox 492 3538 660 3624; x_wconf 83' lang='grc' dir='ltr'><strong><em>ἐκέλευον,</em></strong></span> <span class='ocrx_word' id='word_1_233' title='bbox 673 3530 694 3622; x_wconf 81' lang='grc' dir='ltr'><strong><em>ἣ</em></strong></span> <span class='ocrx_word' id='word_1_234' title='bbox 706 3533 860 3624; x_wconf 88' lang='grc' dir='ltr'><strong><em>καθάπερ</em></strong></span> <span class='ocrx_word' id='word_1_235' title='bbox 875 3542 1091 3624; x_wconf 85' lang='grc' dir='ltr'><strong><em>Παρμενίωνι</em></strong></span> <span class='ocrx_word' id='word_1_236' title='bbox 1105 3533 1180 3624; x_wconf 84' lang='grc' dir='ltr'><strong><em>[κα-</em></strong></span> 
     </span>
    </p>
   </div>
   <div class='ocr_carea' id='block_1_4' title="bbox 0 0 1336 3946">
    <p class='ocr_par' dir='ltr' id='par_1_6' title="bbox 0 0 1336 3946">
     <span class='ocr_line' id='line_1_33' title="bbox 0 0 1336 3946; baseline 0 2"><span class='ocrx_word' id='word_1_237' title='bbox 0 0 1336 3946; x_wconf 95' lang='lat' dir='ltr'><strong><em> </em></strong></span> 
     </span>
    </p>
   </div>
  </div>
 </body>
</html>
