2664 3946
232 232 292 298 166
584 230 838 292 Δαεειαιεον

229 391 380 480 θρώποις
405 389 477 460 όσαι
504 418 539 460 τε
565 387 778 478 ἀνθρώπιναι
802 390 893 478 τιμαί
919 389 975 458 καί
1001 387 1076 458 ὅσαι
1100 399 1198 458 θεῖαι

230 501 366 572 πολλοῖς
387 492 450 580 μὲν
473 492 529 560 καί
554 489 678 579 ἀλλοις,
705 491 858 578 καθάπερ
884 496 976 560 ναών
997 517 1033 559 τε
1057 495 1195 560 οἰκοδο-

230 592 327 682 μήσει
351 594 408 662 καί
425 591 625 682 ἀγαλμάτων
642 591 823 662 ἀναστάσει
839 592 896 660 καὶ
914 591 1033 680 τεμένη
1056 588 1104 660 ότι
1121 605 1195 671 τοῖς

229 705 325 775 θεοῖς
350 698 524 784 ἐξαιρεῖται
547 695 604 762 καί
627 693 747 762 θόεται
765 696 905 772 ἐκείνοις
928 694 985 762 καί
1003 692 1195 779 σπάνδεται,

230 797 288 866 καί
312 793 413 884 ὕμνοι
437 795 499 883 μὲν
525 798 558 874 ἐς
590 794 670 875 τούς
702 797 804 876 θεοὺς
835 797 1028 880 ποιοῦνται,
1064 799 1226 861 ἔπαινοιε

231 896 270 966 δί
297 899 330 977 ἐς
353 895 573 984 ἀνθρώπους·
600 893 686 982 ἀτάρ
710 891 773 983 οάχ
795 893 913 982 ἥκιστα
934 897 982 986 τῷ
1005 899 1064 981 τῆς
1084 914 1195 981 προσ-

198 1011 214 1060 3
232 998 401 1086 κυνήσεως
422 996 524 1088 νόμῳ.
548 996 629 1076 τοδς
641 996 704 1084 μὲν
719 995 785 1084 γάρ
799 994 1005 1084 ἀνθρώπους
1021 1003 1196 1084 φιλεῖσθαι

232 1097 315 1186 πρὸς
332 1104 401 1167 τών
418 1094 671 1186 ἀσπαζομένων·
697 1096 735 1166 τό
760 1107 859 1166 θεῖον
885 1096 935 1184 δέ,
961 1093 1011 1165 ὅτι
1035 1095 1108 1164 ἀνω
1125 1120 1193 1164 που

233 1199 415 1288 ἱδρυμένον
440 1197 522 1269 οὐδὲ
542 1203 670 1280 ψαῦσαι
695 1196 801 1267 αότοῦ
818 1197 925 1285 θέμις,
954 1198 1009 1266 ἐπὶ
1025 1201 1111 1290 τῷδε
1128 1192 1195 1284 ἀρα

231 1305 274 1388 τῇ
308 1299 533 1390 προσκυνήσει
564 1305 770 1386 γεραίρεται,
802 1298 859 1366 καί
884 1299 978 1387 χοροί
1003 1312 1073 1378 τοῖς
1098 1307 1193 1376 θεοῖς
1210 1330 1238 1368 ιι

232 1408 381 1472 ἵστανται
403 1403 460 1470 καὶ
484 1406 622 1479 παιᾶνες
646 1401 701 1468 ἐπὶ
725 1413 795 1480 τοῖς
819 1410 912 1479 θεοῖς
937 1397 1085 1489 ᾅδονται.
1137 1398 1195 1467 καὶ

233 1503 334 1573 οὐδὲν
359 1501 569 1590 θαυμαστόν,
596 1498 696 1569 ὁπότε
720 1527 759 1587 γε
784 1501 842 1570 καί
868 1497 982 1569 αότών
1006 1505 1077 1568 τών
1100 1502 1193 1570 θεῶν

232 1605 343 1684 ἀλλοις
375 1603 473 1671 ἀλλαι
504 1603 594 1690 τιμαί
627 1601 849 1690 πρόσκεινται,
875 1603 932 1670 καὶ
964 1603 1021 1670 ναί
1051 1600 1097 1721 μά
1124 1607 1194 1672 Δία

120 1764 122 1774 .
231 1705 360 1793 ἥρωσιν
386 1702 495 1790 ἀλλαι,
521 1704 578 1772 καὶ
604 1693 702 1772 αὗται
728 1700 984 1790 ἀποκεκριμέναι
1005 1729 1066 1772 του
1083 1709 1192 1771 θείου.

198 1825 215 1872 4
233 1805 359 1875 οὔκουν
373 1805 462 1884 εἰκός
481 1803 656 1892 ξύμπαντα
675 1806 782 1872 ταῦτα
801 1800 1093 1894 ἀναταράσσοντας
1111 1801 1192 1883 τούς
1206 1831 1233 1872 ιε

232 1906 295 1994 μὲν
328 1903 532 1994 ἀνθρώπους
561 1908 594 1984 ἐς
626 1911 735 1993 σχῆμα
766 1902 957 2026 όπὲρργκον
994 1904 1193 1974 καθιστάναι

232 2009 300 2075 τών
332 2012 437 2095 τεμών
461 2021 534 2087 ταῖς
559 2003 775 2096 ὑπερβολαῖς,
809 2004 889 2086 νοός
920 2006 1024 2087 θεοός
1050 2007 1089 2075 δὲ
1114 2005 1193 2092 τόγε

234 2109 368 2177 ἰπὶί
303 2115 368 2195 σφί
367 2129 419 2177 σιν
434 2110 466 2188 ἐς
475 2106 697 2228 ταπεινότητα
710 2133 751 2174 ου
744 2101 1193 2194 ’πρίπουσανκαταβάλλειν

232 2207 273 2277 τά
292 2219 348 2278 ἰσα
365 2206 557 2296 ἀνθρώποις
574 2213 746 2296 τιμῶντας.
790 2203 918 2277 οὔκουν
940 2203 1023 2278 οόδε
1037 2203 1193 2289 Ἀλέξαν-

234 2314 317 2397 δρον
335 2307 580 2398 ἀνασχέσθαι”
558 2337 613 2396 αν,
641 2317 673 2380 εἰ
690 2315 758 2377 τών
777 2312 920 2378 ἰδιωτῶν
942 2337 990 2389 τις
1014 2315 1192 2378 εἰσποιοῖτο
1204 2335 1232 2377 ιο
1311 2349 1312 2388 ι

232 2427 305 2492 ταῖς
317 2418 507 2498 βασιλικαῖς
524 2425 634 2499 τιμαῖς
650 2405 874 2500 χειροτονία
852 2437 872 2496 η
892 2409 994 2501 ψήφῳ
1009 2435 1050 2478 ου
1042 2404 1191 2498 ’δικαία

200 2509 367 2581 οπολά
348 2541 390 2582 αν
413 2503 478 2582 οὖν
505 2511 710 2600 δικαιότερον
726 2509 806 2592 τούς
831 2510 935 2590 θεοάς
960 2516 1193 2600 δυσχεραίνειν

233 2611 305 2682 ὅσοι
324 2612 499 2701 ἀνθρωττοι
518 2617 551 2694 ἐς
574 2613 633 2692 τάς
650 2618 747 2692 θείας
763 2611 858 2700 τιμάς
875 2616 963 2700 σφᾶς
987 2617 1193 2683 εἰσποιοῦσιν

233 2711 254 2800 ἢ
268 2713 352 2802 πρός
365 2721 433 2783 τών
451 2713 562 2784 ἀλλων
575 2713 821 2800 είσποιοόμενοι
835 2709 1017 2800 ἀνέχονται.
1038 2711 1192 2793 Ἀλέξαν-

234 2820 316 2901 δρον
350 2815 388 2884 δὲ
422 2813 537 2902 πόρρω
562 2818 624 2883 τοῦ
653 2815 771 2882 ἰκανοῦ
799 2811 937 2900 ἀνδρῶν
961 2812 1103 2900 ἀγαθῶν
1135 2813 1229 2882 τόνιε

234 2913 368 3004 ἀριστον
400 2915 492 2985 εἶναί
519 2942 555 2984 τε
586 2915 643 2984 καί
676 2918 807 3003 δοκεῖν,
846 2915 904 2982 καὶ
938 2914 1102 3001 βασιλέων
1133 2915 1192 2984 τόν

233 3016 494 3106 βασιλικώτατον
529 3015 584 3084 καί
621 3017 817 3104 στρατηγῶν
846 3013 906 3086 τόν
939 3011 1193 3104 ἀξιοστρατηγό-

200 3131 343 3189 6τατον.
395 3118 452 3187 καὶ
478 3117 519 3186 σε’
524 3169 533 3204 ,
567 3127 660 3205 εἰπερ
692 3115 767 3186 τινά
801 3115 921 3204 ἀλλον,
950 3109 977 3185 ώ
1005 3111 1192 3204 Ἀνάξαρχε,

234 3219 413 3308 εἰσηγητήν
435 3245 471 3288 τε
494 3217 623 3287 τούτων
642 3223 711 3287 τών
737 3217 848 3305 λόγων
881 3221 982 3306 ἐχρῆν
1018 3223 1194 3304 γίγνεσθαι

234 3321 289 3390 καὶ
315 3319 470 3406 κωλυτὴν
492 3346 560 3388 των
580 3321 754 3407 ἐναντίων,
783 3319 837 3387 ε’τιί
855 3327 960 3410 σοφία
981 3346 1016 3388 τε
1039 3321 1096 3387 καί
1116 3343 1189 3386 παι·
1205 3347 1231 3389 ιο

235 3421 349 3492 δεόσει
363 3417 572 3548 Ἀλεξάνδρςο
590 3419 743 3502 ξυνόντα.
771 3420 898 3489 οὔκουν
911 3419 1026 3508 ἄρχειν
1041 3447 1079 3507 γε
1096 3424 1193 3490 τοῦδε

234 3529 294 3592 τοῦ
326 3521 429 3612 λόγου
462 3523 590 3614 πρέπον
621 3513 683 3610 ἦν,
715 3518 800 3589 ἀλλά
833 3527 1022 3610 μεμνῆσθαι
1053 3519 1120 3610 γάρ
1153 3518 1191 3589 οά
