2664 3946
500 243 684 294 Δαεειειε
702 247 730 304 ε,
749 245 791 296 ιι.
1053 240 1114 306 113

234 396 380 471 Δαρεῖος
410 382 448 453 δέ
470 385 528 452 καί
555 381 574 452 δ
598 381 661 465 ξύν
685 389 822 476 Δαρείῳ
846 380 988 471 στρατός
1005 379 1165 464 ούτωςῙλ

156 483 247 566 ὅπως
270 486 332 571 τὴν
348 483 456 573 ἀρχὴν
476 485 636 566 ἐτάξαντο
655 491 787 572 ἔμειναν
804 487 862 572 της
884 483 1008 564 νυκτός
1031 486 1113 566 ξνυ·

157 589 369 674 τεταγμένοι,
394 584 444 653 ὅτι
468 584 547 655 ούτε
571 586 799 675 στρατόπεδον
823 583 941 665 αὐτοῖς
964 587 1115 674 περιεβέ-

158 696 259 777 βλητο
277 685 412 776 άκριβές
429 688 488 756 καὶ
507 684 575 776 ἅμα
594 690 783 777 ἐφοβοῦντο
800 686 846 774 μή
869 707 962 774 σφισι
979 687 1116 774 νύκτωρ

131 820 145 861 ι
161 793 332 860 ἐπίθοιντο
350 793 386 857 οί
401 789 558 876 πολέμιοι.
590 790 648 857 καὶ
666 799 759 877 είπερ
777 816 808 856 τι
825 786 920 876 άλλο,
937 789 995 858 καὶ
1012 791 1148 857 τοῦτοθ

160 891 307 960 ἐκάκωσε
329 905 402 970 τοῖς
426 891 574 978 Πέρσαις
599 893 637 959 έν
654 895 702 980 τῷ
719 890 795 958 τότε
811 889 853 957 τά
872 889 1069 978 πράγματα,
1095 889 1117 978 ἡ

159 992 273 1072 στάσις
286 989 308 1079 ἡ
321 991 428 1077 πολλὴ
442 990 462 1077 ἡ
479 990 542 1072 ξύν
557 1007 628 1071 τοῖς
642 988 756 1071 ὅπλοις
769 993 827 1060 καὶ
840 988 878 1058 τδ
889 992 978 1078 δέος,
992 989 1117 1079 ὅτιπερ

159 1101 253 1180 φιλεῖ
275 1091 340 1181 πρδ
363 1096 436 1161 τῶν
459 1092 614 1180 μεγάλων
636 1092 809 1160 κινδύνων
831 1099 1028 1179 γίγνεσθαι,
1055 1092 1119 1162 ούκ

161 1198 198 1264 ἐκ
215 1198 276 1263 τοῦ
292 1201 483 1283 παραυτίκα
498 1195 709 1282 σχεδιασθέν,
727 1191 797 1262 ἀλλ’
818 1196 855 1262 έν
873 1197 986 1284 πολλῷ
1006 1193 1119 1286 χρόνῳ

123 1325 148 1366 ιο
161 1297 343 1384 μελετηθέν
360 1322 397 1364 τε
412 1299 470 1365 καί
487 1296 548 1376 τάς
561 1294 699 1383 γνάμας
716 1293 834 1374 αύτοῖς
848 1294 1117 1382 δουλωσάμενον.

233 1395 378 1484 Ἐτάχθη
392 1396 429 1466 δὲ
443 1396 535 1489 αύτῷ
549 1395 570 1484 ἡ
586 1395 722 1486 στρατιὰ
737 1385 818 1464 ὦδε·
839 1395 926 1464 ἑάλω
939 1397 1005 1483 γάρ
1018 1393 1119 1465 ύστε-
1137 1409 1153 1458 3

162 1525 224 1586 ρον
247 1496 268 1584 ἡ
291 1498 381 1578 τάξις
404 1495 521 1585 ἥντινα
546 1498 638 1578 ἔταξε
656 1508 802 1587 Δαρεῖος
820 1498 1050 1586 γεγραμμένη,
1075 1496 1121 1577 οδς

162 1600 250 1686 λέγει
262 1597 527 1686 Ἀριστόβουλος
561 1599 600 1666 τό
624 1598 687 1686 μὲν
711 1597 890 1686 εύύνυμον
907 1597 1000 1690 αύτῷ
1021 1599 1122 1687 κέρας

163 1705 200 1770 οἵ
219 1725 255 1768 τε
278 1699 435 1787 Βάκτριοι
459 1705 571 1780 ίππετς
597 1699 688 1786 εἶχον
710 1701 768 1768 καὶ
792 1699 856 1780 ξύν
880 1699 1021 1780 τούτοις·
1032 1699 1123 1770 Δάαι

1 1799 2 1880 ἶ
125 1802 221 1870 τεκαὶ
242 1799 442 1890 Ἀραχωτοί·
475 1803 530 1871 ἐπὶ
553 1799 592 1870 δὲ
619 1801 752 1881 τούτοις
776 1803 905 1890 Πέρσαι
935 1801 1122 1889 ἐτετάχατο,

166 1908 279 1982 ίππεϊς
292 1928 328 1970 τε
341 1899 427 1989 ὁμοῦ
445 1904 502 1971 καὶ
516 1903 605 1986 πεζοὶ
622 1901 893 1992 ἀναμεμιγμένοι,
911 1904 968 1972 καὶ
982 1902 1123 1972 Σούσιοι

166 2006 221 2074 ἐπὶ
239 2005 404 2093 Πέρσαις,
423 2005 479 2072 έπὶ
497 2003 536 2072 δὲ
554 2011 715 2084 Σουσίοις
733 2003 925 2074 Καδούσιοι.
957 2001 1043 2092 αὕτη
1061 2003 1157 2092 μἐνλ

163 2105 264 2192 ἡτοῦ
283 2103 464 2193 εύωνύμου
474 2107 581 2196 κέρως
601 2111 672 2175 ἔστε
689 2107 744 2176 ἐπὶ
761 2105 799 2175 τό
818 2107 921 2193 μέσον
938 2109 997 2194 τῆς
1016 2106 1124 2194 πάσης

2 2257 3 2286 ,
165 2206 339 2292 φάλαγγος
356 2207 447 2288 τάξις
464 2199 523 2294 ἦν
541 2207 625 2276 κατά
644 2206 682 2276 δὲ
698 2207 737 2276 τό
756 2206 866 2288 δεξιόν
883 2212 920 2276 οί
933 2235 969 2276 τε
988 2209 1024 2276 έκ
1038 2214 1124 2276 Κοί·

2 2291 4 2380 δ,
124 2335 151 2376 ιο
166 2316 224 2395 λης
243 2315 375 2396 Συρίας
398 2309 456 2376 καὶ
480 2313 516 2376 οί
532 2311 568 2378 έκ
585 2312 644 2395 της
661 2310 764 2398 μέσης
787 2313 857 2377 τόν
874 2312 1034 2396 ποταμῶν
1052 2312 1124 2377 έτε-

3 2399 4 2440 ³
164 2409 301 2497 τάχατο,
319 2409 377 2477 καὶ
394 2412 510 2496 Μῆδοι
528 2415 576 2479 ἔτι
592 2408 677 2478 κατά
694 2409 732 2477 τδ
753 2409 876 2498 δεξιόν,
895 2411 951 2478 ἐπὶ
970 2409 1008 2478 δὲ
1026 2419 1122 2498 Παρ-

164 2521 284 2578 θυαῖοι
308 2511 366 2578 καὶ
391 2511 520 2598 Σάκαι,
548 2511 603 2579 έπὶ
621 2510 660 2580 δὲ
682 2510 854 2599 Τάπουροι
876 2512 934 2578 καὶ
949 2509 1125 2599 Ὑρκάνιοι,

166 2611 223 2679 ἐπὶ
237 2610 276 2679 δὲ
290 2607 447 2700 Ἀλβανοὶ
460 2613 518 2680 καὶ
533 2619 729 2700 Σακεσίναι,
747 2603 841 2681 οὗτοι
853 2610 916 2699 μὲν
931 2618 1004 2681 έστε
1018 2614 1073 2680 ἐπὶ
1086 2612 1125 2680 τδ

165 2712 269 2799 μέσον
286 2715 344 2798 τῆς
363 2713 471 2801 πάσης
489 2713 680 2801 φάλαγγοςΓ
712 2712 797 2782 κατά
814 2713 853 2782 τδ
871 2714 975 2801 μέσον
993 2714 1051 2800 δέ,
1068 2717 1159 2782 ίναδ

5 2791 6 2850 3
125 2803 208 2900 ντῆν
231 2812 389 2902 βασιλεύς
412 2826 576 2903 Δαρεῖος,
601 2818 637 2883 οί
656 2841 692 2883 τε
715 2830 890 2902 συγγενεῖς
914 2819 951 2884 οί
964 2815 1126 2903 βασιλέως

168 2913 344 3001 ἐτετάχατο
367 2917 425 2983 καὶ
449 2919 486 2984 οί
506 2915 693 3004 μηλοφόροι
716 2918 845 3004 Πέρσαι
868 2918 926 2985 καλ
944 2914 1046 2985 Ἰνδοὶ
1068 2917 1127 2985 καὶ

167 3017 278 3100 Κᾶρες
311 3021 348 3086 οί
375 3015 585 3086 άνάσπαστοι
612 3017 815 3105 καλούμενοι
844 3018 902 3086 καὶ
929 3022 966 3086 οί
988 3016 1128 3107 Μάρδοι

166 3116 313 3197 τοξόται·
344 3117 460 3199 Ούξιοι
477 3117 516 3188 δὲ
538 3119 596 3186 καλ
620 3119 833 3206 Βαβυλάνιοι
855 3119 913 3187 καὶ
930 3123 967 3187 οί
981 3118 1066 3208 πρὸς
1082 3121 1125 3208 τῇ

168 3220 299 3308 ἐρυθρᾷ
316 3219 474 3308 θαλάσση
493 3220 550 3288 καὶ
569 3221 752 3307 Σιτακηυοὶ
777 3222 810 3300 ές
827 3219 935 3308 βάθος
954 3222 1126 3306 ἐπιτεταγ-

127 3343 154 3385 ιο
167 3321 262 3407 μένοι
277 3311 372 3408 ἦσαν.
408 3320 649 3410 προετετάχατο
662 3319 701 3389 δὲ
716 3321 771 3389 έπλ
788 3320 850 3408 μὲν
862 3325 925 3389 τού
945 3318 1126 3408 εύωνύμου
1144 3329 1164 3378 6

167 3420 253 3488 κατά
270 3419 309 3490 τό
328 3421 437 3502 δεξιόν
453 3420 492 3490 τδ
512 3419 734 3510 Ἀλεξάνδρου
753 3427 789 3491 οί
804 3449 839 3492 τε
858 3420 996 3492 Σκύθαι
1015 3426 1128 3500 ίππείς

166 3523 224 3590 καὶ
237 3523 307 3591 τῶν
320 3526 541 3613 Βακτριανῶν
557 3526 590 3604 ἐς
603 3530 733 3610 χιλίους
747 3524 804 3592 καὶ
814 3521 945 3614 άρματα
959 3527 1129 3613 δρεπανη-

217 3640 345 3683 umus.
956 3639 972 3686 8
