2678 3950
236 222 301 288 274
598 217 850 281 ιιοωεκιεον

236 379 348 454 ὕδατά
366 407 402 450 τε
416 374 586 472 όρύσσειν,
610 378 656 462 ὥς
674 380 759 450 κατά
773 379 834 450 τὸν
847 379 1047 469 παράπλουν
1064 377 1213 466 άφθονα

237 482 325 553 εἶναι
347 486 390 572 τῇ
407 485 544 574 στρατιᾷ
570 485 611 571 τῇ
640 481 862 571 παραπλεάση
889 483 946 551 καλ
972 477 1041 570 άμα
1068 479 1113 562 τός
1130 497 1212 562 τοῖς

234 583 399 673 Ὠρείταις
425 599 496 666 τοίς
519 583 626 672 ταύτη
640 579 775 670 Ἰνδοῖς,
801 582 1001 671 αὐτονόμοις
1020 587 1057 652 ἐκ
1074 588 1211 654 πολλοῦ

238 675 355 773 οὐσιν,
389 681 486 773 άφνω
514 688 701 772 ἐπιπεσεῖν,
737 681 789 753 ότι
812 683 921 772 μηδὲν
946 691 1059 772 φίλιον
1085 685 1210 766 αὐτοῖς

241 789 275 868 ές
302 785 410 855 αὐτόν
435 812 471 856 τε
496 785 554 855 καὶ
578 787 641 872 την
667 783 825 873 στρατιάν
853 787 1048 874 ἐπέπρακτο.
1086 792 1148 874 τῆς
1166 785 1238 855 δέν

239 883 503 976 ὑπολειφθείσης
517 886 692 974 δυνάμεως
702 885 909 974 Ἡφαιστίων
923 885 1016 979 αὐτῷ
1031 886 1207 977 άφηγεϊτο.

205 986 407 1078 ιἈραρίται
428 987 490 1076 μέν
514 988 569 1076 δή,
593 994 695 1068 ἔθνος
723 988 781 1056 καὶ
804 993 904 1057 τοῦτο
925 987 1114 1077 αὐτόνομον
1133 1016 1209 1058 τον

240 1090 318 1179 περὶ
343 1088 404 1159 τόν
418 1087 573 1178 Ἀράβιον
598 1086 750 1176 ποταμόν
773 1089 979 1178 νεμομένων,
1006 1087 1086 1160 οὐτε
1111 1088 1208 1173 άξιό·

239 1217 337 1279 μαχοι
371 1190 529 1274 δόξαντες
563 1187 650 1260 εἶναι
679 1189 886 1282 Ἀλεξάνδρφ
920 1188 1000 1262 οὐτε
1031 1185 1209 1260 ὑποδῦναι

240 1290 516 1379 ἐθελήσαντες,’
490 1319 536 1373 ως
554 1289 768 1381 προσάγοντα
787 1289 958 1361 ἐπύθοντο
970 1289 1205 1417 Ἀλέξανδρορ,
1223 1319 1248 1358 ιο
1312 1368 1313 1380 ρ

239 1393 427 1483 φεύγουσιν
449 1391 532 1474 ἐς
494 1419 556 1480 την
572 1399 704 1482 ἔρημον.
728 1391 996 1524 Ἀλέξρνδροςδέ
1009 1391 1127 1480 διαβάς
1143 1392 1207 1464 τόν

236 1495 394 1585 Ἀράβιον
412 1493 576 1582 ποταμόν,
596 1491 717 1562 στενόν
736 1519 773 1563 τε
784 1519 842 1562 και
831 1492 913 1562 όλί
910 1521 974 1580 γον
993 1493 1130 1582 ὐδατος,
1147 1497 1207 1563 καὶ

239 1595 386 1667 διελθων
414 1598 451 1666 ἐν
476 1596 576 1664 νυκτὶ
600 1599 660 1682 τῆς
687 1594 865 1719 ἐρήμου
828 1621 892 1682 την
909 1593 1076 1720 πρλλην“
1055 1597 1125 1666 υπὸ
1141 1597 1207 1684 τὴν

240 1700 285 1768 έω
318 1697 404 1785 πρὸς
436 1699 479 1784 τῇ
512 1687 742 1786 οἰκουμένη
722 1714 781 1784 ην
807 1697 866 1766 καὶ
891 1695 973 1777 τούς
998 1695 1061 1784 μὲν
1087 1697 1206 1791 πεζούς

240 1803 279 1870 ἐν
303 1799 394 1880 τάξει
420 1797 594 1868 ἐκέλευσεν
621 1800 773 1886 ἕπεσθαι,
799 1799 880 1878 τούς
906 1797 945 1868 δὲ
973 1798 1092 1880 ίππέας
1118 1797 1204 1868 άνα-
1221 1825 1247 1866 ιι

240 1901 354 1989 λαβὼν
380 1893 482 1978 αὐτός
512 1900 570 1968 καὶ
605 1901 638 1980 ἐς
672 1906 746 1980 ίλας
778 1905 996 1987 κατανείμας,
1029 1897 1120 1981 ὅπως
1148 1903 1205 1972 ἐπὶ

242 2009 401 2070 πλεῖστον
417 2002 478 2068 τοῦ
498 2003 617 2070 πεδίου
637 2001 795 2088 ἐπέχοιεν,
815 1999 910 2090 ἐπῄει
926 1999 988 2087 τὴν
1005 2002 1119 2090 χάραν
1136 2007 1206 2071 τῶν

208 2101 404 2191 οΏρειτάν.
444 2097 517 2170 ὅσοι
541 2099 612 2188 μέν
629 2099 674 2187 δη
703 2103 736 2180 ές
762 2097 870 2194 άλκὴν
889 2101 1073 2189 ἐτράποντο
1090 2100 1207 2173 αὐτόν

240 2202 473 2291 κατεκόπησαν
505 2202 592 2292 πρός
613 2205 696 2270 τάν
733 2203 878 2270 ἱππέων·
918 2206 1037 2273 πολλοὶ
1076 2203 1115 2274 δέ
1149 2206 1207 2274 καὶ

241 2309 362 2389 ζωντες
389 2303 548 2374 ἑάλωσαν.
592 2329 610 2373 ο
600 2301 670 2370 δε
687 2301 763 2371 τότε
781 2301 845 2391 μέν
862 2307 1207 2394 κατεστρατοπέδευσε
1219 2333 1248 2374 ιο

241 2405 325 2496 πρὸς
354 2403 518 2476 ὐδατιου
510 2399 671 2496 ’πολλςά
716 2401 761 2483 ὐς
787 2402 908 2473 δὲκαὶ
935 2409 972 2474 οί
994 2408 1070 2493 περὶ
1086 2407 1207 2532 Ἡφαι-

242 2516 369 2578 στίωνα
382 2504 476 2597 αὐτῷ
490 2503 576 2595 ὁμου
564 2495 689 2628 ηδη
669 2525 768 2593 ησαν,
782 2501 971 2596 προύχάρει
981 2508 1062 2586 ἐς
1028 2533 1066 2576 το
1080 2507 1206 2595 πρόσω.

242 2607 446 2730 άφικόμενος
460 2606 499 2676 δέ
514 2610 548 2687 ἐς
561 2607 676 2695 κόμην
688 2604 774 2697 ἥπερ
793 2633 835 2694 ην
848 2614 987 2696 μεγίστη
1000 2613 1063 2676 τού
1082 2614 1208 2688 έθνους

241 2713 303 2778 τοῦ
328 2704 500 2798 Ὠρειτων,
524 2701 705 2797 Ῥαμβακία
732 2706 923 2778 ἐκαλείτο”
905 2736 926 2795 η
952 2707 1059 2798 κάμη,
1084 2708 1146 2778 τόν
1172 2735 1210 2780 τε

245 2815 358 2898 χοῖρον
386 2809 528 2898 ἐπῄνεσε
559 2811 618 2878 καὶ
645 2806 753 2877 ἐδόκει
778 2804 822 2878 άν
848 2807 942 2900 αὐτῷ
970 2810 1066 2891 πόλις
1092 2811 1252 2893 ξυνοι-τε

242 2920 397 2980 κισθείσα
410 2909 538 2998 μεγάλη
547 2909 605 2978 καλ
615 2908 788 2997 εὐδαίμων
797 2910 963 2996 γενέσθαι.
978 2905 1210 3001 Ἡφαιστίωνα

241 3010 304 3098 μὲν
330 3008 373 3098 δὴ
400 3011 455 3081 ἐπὶ
480 3009 610 3091 τούτοις
635 3008 842 3082 ὑπελείπετο.

189 3121 233 3187 22
322 3111 436 3192 Αὐτὸς
471 3111 509 3180 δέ
543 3110 724 3200 άναλαβοδν
756 3104 856 3193 αὖθις
891 3118 960 3183 τάν
986 3112 1209 3184 ὐπασπισταῐν

242 3214 300 3284 καλ
326 3219 395 3283 τῶν
417 3209 605 3302 Ἀγριάνων
629 3213 712 3293 τούς
729 3212 868 3301 ἡμίσεας
885 3213 996 3284 καὶτὸ
1015 3212 1126 3304 άγημα
1138 3219 1210 3285 τάν

246 3317 377 3386 ι’ππέων
408 3317 466 3384 καὶ
493 3313 574 3394 τούς
603 3314 820 3396 ἱπποτοξότας
853 3315 972 3404 προῄει
1005 3315 1050 3397 άς
1085 3318 1140 3386 ἐπὶ
1165 3315 1208 3386 τά
1223 3344 1252 3386 ω

244 3414 318 3506 όρια
341 3417 410 3484 τῶν
434 3441 471 3484 τε
491 3419 684 3506 Γαδρωσῶν
702 3417 758 3485 καὶ
773 3413 944 3504 Ὠρειτιν,
970 3421 1090 3506 ἵναπερ
1110 3418 1211 3506 στενή

243 3543 279 3586 τε
296 3515 318 3594 ά
340 3515 487 3608 πάροδος
508 3515 601 3611 αὐτῷ
618 3515 706 3586 εἶναι
720 3518 933 3606 ἐξηγγέλλετο
946 3522 1003 3590 καὶ
1017 3523 1052 3588 οί
1065 3519 1212 3610 Ὠρεῖται
