2664 3946
218 252 260 318 96
572 249 823 308 ΑΛΕΞΑΝΔΡον

221 405 345 464 νασθαι
374 389 424 462 ὅτι
453 394 510 462 καί
541 389 645 472 αύτός
674 388 735 479 ἂν,
766 401 860 482 είπερ
886 397 1091 479 Παρμενίων
1120 381 1177 481 ἦν,

222 494 330 576 οὕτως
348 493 508 583 ἔπραξεν,
533 495 603 563 ἐπεὶ
622 491 661 562 δὲ
674 490 893 582 Ἀλέξανδρός
912 495 1013 579 ἐστιν,
1031 491 1176 582 ἀποκρί-

187 607 340 667 ονεσδαι
358 603 494 687 Δαρείῳ
519 593 605 682 άπερ
629 595 671 682 δὴ
693 595 750 663 καί
773 591 986 684 ἀπεκρίνατο.
1023 600 1086 682 ἔφη
1110 594 1176 683 γάρ

221 697 299 769 ούτε
307 697 486 788 χρημάτων
496 700 630 766 δεῖσδαι
638 695 729 783 παρὰ
743 703 893 784 Δαρείου
907 693 1052 782 ούτετῆς
1065 695 1177 784 χάρας

221 808 338 889 λαβεῖν
362 798 440 868 ἀντὶ
463 800 523 887 τῆς
546 797 654 885 πάσης
675 796 714 865 τό
737 796 853 886 μέρος·
880 795 1055 885 εἶναιγὰρ
1079 797 1121 866 τά
1141 824 1177 866 τε
1202 827 1214 868 ι

220 901 371 991 χρήματα
388 901 446 969 καὶ
463 899 525 986 τὴν
542 898 657 987 χάραν
681 895 788 968 αύτοῦ
808 901 936 968 πᾶσαν·
960 901 1068 986 γῆμαί
1081 925 1117 968 τε
1133 895 1177 967 ἂν

222 1003 325 1092 ἐθέλῃ
339 1000 401 1089 τὴν
415 1007 565 1089 Δαρείου
584 1004 702 1088 παῖδα,
719 1005 821 1087 γῆμαι
835 995 877 1068 διν
890 1000 948 1068 καὶ
961 997 1003 1069 ού
1022 999 1177 1080 διδόντος

136 1099 139 1108 ’
221 1111 388 1195 Δαρείου·
425 1100 557 1172 ἐκέλευέ
580 1128 617 1170 τε
640 1099 748 1170 αύτόν
771 1099 882 1190 ἣκειν,
913 1111 948 1170 εί
961 1129 993 1170 τι
1016 1100 1177 1191 εὑρέσθαι

223 1206 334 1277 ἐθέλοι
351 1203 597 1292 φιλάνθρωπον
614 1201 694 1292 παρ’
713 1201 832 1272 αὐτοῦ.
865 1204 972 1271 ταῦτα
990 1201 1036 1282 άς
1052 1201 1177 1289 ἤκουσε

222 1319 382 1396 Δαρεῖος,
397 1305 459 1386 τάς
475 1303 538 1393 μὲν
555 1304 733 1391 ξυμβάσεις
750 1302 887 1390 ἀπέγνω
904 1301 964 1383 τάς
982 1303 1067 1392 πρός
1081 1303 1177 1375 Ἀλὲ-
1191 1335 1215 1376 ιο

222 1411 386 1496 ξαυδρον,
405 1410 442 1476 ἐν
460 1408 656 1495 παρασκευῇ
676 1403 714 1474 δὲ
731 1410 792 1474 τοῦ
813 1404 961 1494 πολέμου
979 1396 1081 1486 αὖθις
1099 1397 1151 1494 ἦν.

187 1525 205 1575 4
293 1506 511 1597 Ἀλέξανδρος
525 1505 564 1576 δὲ
574 1505 626 1576 ἐπ’
641 1504 823 1592 Αίγύπτου
839 1513 926 1593 ἔγνω
940 1507 1178 1577 ποιεῖσθαιτόν

222 1610 354 1682 στόλον.
388 1610 446 1678 καὶ
462 1599 506 1696 ἦν
522 1607 617 1699 αύτῷ
635 1607 676 1676 τά
695 1607 758 1695 μὲν
775 1606 860 1678 ἄλλα
877 1610 936 1695 τῆς
951 1616 1179 1696 Παλαιστίνης

222 1709 431 1802 καλουμένης
445 1717 578 1799 Συρίας
596 1709 893 1798 προσκεχωρηκότα
909 1707 983 1798 ἤδη.
1015 1708 1179 1797 εὐνοῦχος

223 1814 262 1882 δέ
278 1840 340 1900 τις,
359 1802 386 1904 ᾧ
414 1809 519 1900 όνομα
532 1801 574 1897 ἦν
587 1811 702 1898 Βάτις,
719 1816 852 1899 κρατῶν
869 1813 928 1899 τῆς
943 1818 1094 1894 Γαζαίων
1112 1811 1178 1880 πό·
1191 1841 1216 1880 ιι

224 1923 326 2001 λεως,
351 1911 391 1981 ού
417 1927 594 2000 προσεῖχεν
612 1911 840 2005 Ἀλεξάνδρῳ,
864 1910 949 1982 άλλά
963 1909 1113 2002 Ἀραβάς
1143 1939 1179 1982 τε

222 2013 412 2102 μισθωτούς
437 2013 643 2101 ἐπαγόμενος
664 2015 722 2083 καλ
746 2029 841 2084 σῖτον
868 2017 904 2083 ἐκ
927 2019 1055 2083 πολλοῦ
1074 2038 1179 2103 παρε-

223 2114 394 2195 σκευακός
407 2119 526 2203 διαρκῆ
538 2117 571 2194 ἐς
583 2113 719 2202 χρόνιον
730 2122 925 2205 πολιορκίαν
935 2116 1052 2207 καὶτῷ
1065 2123 1179 2207 χωρίῳ

223 2216 401 2303 πιστεύων,
418 2215 545 2304 μήποτε
562 2212 605 2284 ἂν
622 2223 682 2306 βία
700 2214 839 2304 ἁλῶναι,
858 2223 946 2303 ἔγνω
963 2215 1008 2305 μὴ
1023 2215 1181 2302 δέχεσθαι

223 2324 265 2410 τῇ
285 2319 379 2388 πόλει
392 2316 623 2405 Ἀλέξανδρον.
1192 2347 1219 2389 ,0

174 2428 215 2493 26
295 2418 425 2506 Ἀπὲχει
441 2417 480 2487 δὲ
495 2417 517 2507 ἡ
535 2418 623 2501 Γάζα
639 2422 698 2506 τῆς
715 2417 778 2506 μὲν
800 2418 972 2508 θαλάσσης
990 2429 1095 2489 είκοσι
1112 2419 1180 2508 μά-

223 2531 317 2591 λιστα
340 2525 519 2607 σταδίους,
542 2521 600 2589 καί
625 2525 693 2589 ἔστι
714 2519 901 2608 ψαμμώδης
923 2522 981 2590 καὶ
1004 2528 1128 2609 βαθεῖα
1147 2525 1180 2601 ἐς

223 2621 330 2709 αὐτὴν
353 2619 374 2706 ἡ
399 2619 522 2701 ἄνοδος
544 2621 602 2689 καὶ
625 2620 646 2706 ἡ
669 2621 826 2690 θάλασσα
848 2621 869 2709 ἡ
892 2621 977 2690 κατὰ
1001 2623 1064 2711 τὴν
1081 2622 1180 2692 πόλιν

223 2721 414 2810 τεναγοόδης
428 2724 528 2791 πᾶσα.
543 2721 670 2810 μεγάλη
684 2722 721 2791 δὲ
735 2722 831 2801 πόλις
847 2721 869 2810 ἡ
889 2723 976 2805 Γάζα
992 2713 1035 2810 ἦν
1052 2725 1109 2792 καὶ
1125 2725 1180 2793 ἐπὶ

223 2823 375 2912 χείματος
406 2820 542 2911 ύψηλοῦ
575 2820 694 2913 ᾤκιστο
725 2825 782 2893 καὶ
810 2840 919 2911 τεῖχος
948 2825 1219 2914 περιεβέβλητοετ

224 2923 312 3014 αὐτῇ
336 2921 472 3014 ὀχυράν.
515 2923 635 3011 ἐσχάτη
660 2923 698 2994 δὲ
722 2923 840 3015 ᾠκεῖτο
865 2923 910 3004 οἱς
935 2922 983 2994 ἐπ’
1003 2936 1182 3013 Αίγυπτον

228 3030 264 3096 ἐκ
284 3032 443 3114 Φοινίκης
463 3023 548 3096 ίόντι
566 3027 622 3095 ἐπὶ
639 3029 682 3114 τῇ
701 3024 790 3114 άρχῇ
808 3031 867 3114 τῆς
886 3026 1020 3114 ἐρήμου.

191 3141 208 3188 2
297 3125 516 3215 Ἀλέξανδρος
541 3125 579 3195 δὲ
603 3125 648 3206 ὥς
666 3126 806 3215 ἄφίκετο
824 3126 908 3218 πρὸς
924 3127 987 3215 τὴν
1003 3127 1116 3218 πόλιν,
1138 3132 1180 3218 τῇ

225 3227 287 3312 μὲν
301 3227 418 3316 πράτη
436 3227 802 3316 κατεστρατοπέδευσεν
820 3218 844 3319 ᾖ
861 3229 1004 3318 μάλιστα
1019 3233 1183 3318 ἐπίμαχον

226 3327 318 3421 αὐτῷ
339 3333 496 3418 ἐφαίνετο
509 3329 547 3399 τὸ
565 3345 686 3419 τεῖχος,
700 3332 757 3401 καί
774 3331 924 3422 μηχανὰς
943 3331 1184 3421 συμπηγνύναι
1196 3359 1221 3400 ιι

227 3428 409 3500 ἐκέλευσεν.
438 3435 475 3500 οί
489 3429 527 3500 δὲ
545 3433 763 3521 μηχανοποιοὶ
781 3433 920 3524 γυάμην
939 3431 1183 3505 ἀπεδείκνυντο

225 3531 354 3623 ἄπορον
384 3530 471 3602 εἶναι
499 3539 559 3625 βίᾳ
590 3536 678 3603 ἑλεῖν
706 3533 745 3602 ιδ
777 3550 883 3621 τεῖχος
915 3535 970 3604 διδ
1000 3532 1089 3616 ύιγος
1121 3539 1183 3605 τοῦ
