2664 3946
470 249 654 302 εειεοεειε
671 251 701 313 ε,
723 252 764 300 ιε.
1052 247 1095 315 75

208 385 246 457 ‘O
273 387 312 458 δὲ
340 386 423 458 ου’δὲ
445 391 503 476 τῆς
526 391 650 479 μητρὸς
672 394 731 478 τῆς
755 397 905 481 Δαρείου
929 389 1010 461 οὐδὲ
1033 395 1129 479 τῆςε

127 489 295 578 γυναικὸς
317 484 338 577 ἢ
360 492 429 559 τῶν
459 497 592 559 παίδων
621 490 793 580 ἠμέλησεν.
837 491 923 561 άλλά
953 494 1095 580 λέγουσί

128 618 221 671 τινες
243 594 314 660 τῶν
335 591 377 658 τά
398 588 620 682 Ἀλεξάνδρου
643 593 869 682 γραψάντων,
891 598 952 682 τῆς
968 594 1093 674 νυκτός

130 693 240 781 αὐτῆς
264 683 287 781 ᾗ
306 689 373 761 άπὸ
390 695 449 780 της
465 693 608 774 διώξεως
625 697 684 781 τῆς
703 703 853 782 Δαρείου
873 697 1040 783 ἐπανῆκεν
1059 698 1093 774 ἐς

101 793 196 883 ετην
219 793 346 882 σκηνὴν
369 794 584 883 παρελθόντα
607 794 713 864 αὐτὸν
736 796 798 884 τὴν
823 804 992 885 Δαρείου,
1022 793 1093 883 ἥτις

131 895 227 987 αὐτῷ
248 895 431 984 ἐξῃρημένη
449 886 504 982 ἦν,
522 895 664 965 ἀκοῦσαι
680 901 854 983 γυναικοῖν
869 898 1021 992 οἰμωγὴν
1034 899 1092 966 καὶ

130 996 238 1066 ἄλλου
254 999 409 1066 τοιοῦτον
425 997 580 1085 θόρυβον
598 995 639 1066 οό
654 997 769 1086 πόρρω
781 1002 840 1085 τῆς
856 1003 995 1087 σκηνῆς·
1022 1023 1090 1068 πυ·
1107 1013 1128 1065 4

130 1100 258 1169 θέσθαι
282 1089 346 1167 οὖν
368 1103 492 1178 αἵτινες
514 1115 674 1185 γυναῖκες
697 1100 755 1167 καὶ
778 1099 858 1169 ἄνθ’
885 1098 964 1170 ὅτου
983 1098 1092 1180 οὕτως

134 1201 238 1287 ἐγγυς
256 1203 547 1288 παρασκηνοῦσαι·
578 1208 639 1270 καί
649 1225 723 1268 τινα
743 1200 946 1290 ἐξαγγείλαι,
972 1200 1039 1289 ὅτι,
1065 1192 1092 1270 ὦ

91 1329 118 1370 ιο
131 1303 291 1390 βασιλεῦ,
321 1299 343 1390 ἡ
372 1301 479 1390 μήτηρ
502 1327 538 1370 τε
562 1303 619 1370 καὶ
641 1299 663 1389 ἡ
686 1301 775 1389 γυνὴ
801 1311 951 1392 Δαρείου
976 1305 1034 1372 καὶ
1059 1307 1096 1372 οί

131 1408 270 1491 παῖδες,
303 1401 349 1483 οἱς
380 1404 563 1491 ἐξηγγέλθη
594 1401 714 1484 αόταῑς
738 1400 848 1472 ὅτιτὸ
872 1403 970 1484 τόξον
993 1402 1091 1473 τετὸ
1182 1495 1184 1499 Ι

133 1511 285 1591 Δαρείου
312 1510 395 1590 ἔχεις
415 1505 473 1572 καὶ
496 1504 557 1572 τὸν
579 1504 711 1574 κάνδυν
726 1504 788 1573 τόν
804 1505 977 1593 βασιλικόν
994 1507 1052 1574 καὶ
1069 1503 1091 1592 ἡ

132 1605 237 1685 άσπὶς
263 1603 314 1673 ὅτι
330 1604 519 1691 κεκόμισται
536 1604 645 1675 ὀπίσω
661 1604 683 1693 ἡ
703 1614 852 1695 Δαρείου
872 1605 917 1686 εδς
936 1608 991 1675 ἐπὶ
1008 1617 1126 1676 τεθ-ὁ

131 1711 233 1776 νεωτι
250 1714 387 1798 Δαρείῳ
405 1705 632 1793 άνοιμοέζουσι.
663 1710 771 1776 ταῦτα
788 1707 981 1778 άκοόσαντα
995 1707 1090 1778 Ἀλέ-

93 1835 119 1876 ω
133 1810 279 1897 ξανδρον
309 1809 437 1896 πέμψαι
466 1807 551 1895 πρὸς
570 1806 677 1888 αότάς
700 1809 913 1898 Λεοννάτον,
940 1811 999 1879 ἕνα
1021 1809 1092 1878 τῶν

133 1911 296 1999 ἑταίρων,
327 1908 558 1996 ἐντειλάμενον
582 1909 709 1997 φράσαι
725 1907 776 1978 ότι
791 1913 829 1999 ζῇ
849 1922 1010 1999 Δαρεῖος·
1048 1911 1091 1980 τά

132 2011 171 2080 δὲ
195 2009 283 2080 ὅπλα
305 2013 362 2080 καὶ
385 2009 446 2078 τόν
468 2010 601 2080 κάνδυν
625 2008 676 2078 ότι
698 2011 837 2098 φεύγων
855 2011 1015 2081 άπέλιπεν
1034 2014 1091 2082 ἐπὶ

131 2115 180 2204 τῷ
199 2109 321 2200 ἅρματι
336 2113 393 2180 καὶ
409 2115 517 2179 ταῦτα
534 2108 585 2179 ὅτι
600 2112 688 2199 μόνα
703 2119 768 2199 ἔχει
780 2111 1006 2202 Ἀλέξανδρος.
1032 2115 1091 2183 καὶ

133 2213 327 2284 Λεοννάτον
357 2212 571 2302 παρελθόντα
596 2216 630 2293 ἐς
652 2215 714 2301 τὴν
738 2214 865 2302 σκηνὴν
888 2214 930 2282 τά
953 2239 989 2283 τε
1012 2216 1091 2304 περὶ

95 2342 121 2384 εο
135 2322 285 2403 Δαρείου
309 2321 418 2384 εἰπεῖν
441 2316 499 2382 καὶ
522 2311 572 2382 ότι
588 2315 649 2402 τὴν
666 2314 850 2402 θεράπειαν
868 2315 988 2394 αόταῑς
1006 2316 1090 2401 ξυγ-

132 2431 236 2505 χωρεῖ
263 2413 480 2504 Ἀλέξανδρος
516 2415 579 2502 τὴν
606 2415 779 2504 βασιλικὴν
808 2416 865 2484 καὶ
894 2415 955 2484 τὸν
986 2414 1091 2484 άλλον

132 2518 261 2604 κόσμον
283 2519 340 2586 καὶ
363 2524 540 2586 καλεῖσθαι
556 2524 771 2605 βασιλίσσας,
802 2517 875 2586 ἐπεὶ
899 2514 982 2585 οὐδὲ
1004 2517 1090 2586 κατά

134 2626 261 2706 ἔχθραν
278 2624 314 2688 οί
324 2619 481 2704 γενέσθαι
497 2617 558 2686 τὸν
572 2618 720 2706 πόλεμον
733 2616 817 2705 πρὸς
832 2628 999 2706 Δαρεῖον,
1022 2612 1093 2684 ἀλλ’

132 2719 221 2809 ὑπὲρ
239 2722 297 2807 τῆς
315 2719 420 2809 ἀρχῆς
439 2723 500 2806 τῆς
523 2718 635 2799 Ἀσίας
661 2721 969 2806 διαπεπολεμῆσθαι
990 2713 1091 2790 ἐννό-

94 2847 212 2910 εεμως.
263 2823 371 2890 ταῦτα
406 2820 469 2908 μὲν
499 2829 707 2908 Πτολεμαῖος
747 2822 805 2888 καί
835 2819 1088 2908 Ἀριστόβουλος

133 2925 283 3009 λέγουσι·
311 2922 418 3008 λόγος
441 2921 479 2990 δέ
504 2923 649 3008 ἔχεικαὶ
673 2920 780 2990 ου’τόν
799 2919 1021 3011 Ἀλέξανδρον
1045 2925 1127 3011 τῇῦ

131 3024 294 3115 όστεραίςε
329 3031 513 3112 παρελθεῖν
549 3032 627 3092 εἴσω
663 3023 726 3103 ξύν
752 3021 971 3109 Ἡφαιστίωνι
994 3023 1091 3115 μόνῳ
1170 3033 1172 3037 ’

131 3129 201 3195 τῶν
225 3127 383 3213 ἑταίρων·
409 3125 467 3192 καὶ
489 3123 550 3210 την
567 3123 771 3212 μητέρατὴν
790 3133 958 3213 Δαρείου,
983 3123 1089 3212 άμφι-

132 3227 323 3315 γνοήσασαν
337 3224 426 3306 ὅστις
439 3220 457 3292 ὁ
471 3225 630 3312 βασιλεὺς
640 3235 689 3312 εἴη
704 3223 837 3313 αὐτοῖν,
851 3225 1011 3294 ἐστάλθαι
1023 3226 1089 3314 γὰρ

100 3327 232 3417 εοάμφω
249 3332 297 3419 τῷ
315 3327 408 3416 αὐτῷ
425 3325 558 3416 κόσμῳ,
576 3326 638 3413 την
657 3324 694 3393 δὲ
708 3324 927 3412 Ἡφαιστίωνι
944 3335 1088 3416 προσελ-

133 3441 207 3500 θείν
224 3431 282 3498 καὶ
301 3429 541 3515 προσκυνῆσαι,
559 3423 609 3494 ότι
626 3435 745 3514 μείζων
763 3425 851 3514 αὐτῇ
873 3426 980 3515 ἐφάνη
1000 3431 1084 3496 ἐκεῖ·
1206 3448 1209 3455 ·

134 3556 198 3612 νος.
234 3529 280 3610 τός
304 3529 343 3598 δέ
365 3527 385 3598 ό
405 3528 610 3612 Ἡφαιστίων
632 3553 668 3596 τε
691 3526 800 3596 ὀπίσω
817 3526 1014 3614 ὑπεχώρησε
1030 3527 1122 3595 aas?
