2590 3948
440 232 622 286 ΑΝΔΒΔΣΙΣ
640 237 664 294 7,
682 236 724 289 29.
742 237 783 290 ³0.
1033 233 1097 298 333

135 393 246 476 ἔμοιγε
270 390 326 458 καὶ
353 385 373 476 ή
402 387 550 476 Περσική
577 388 681 476 σκευή
719 391 865 479 σόφισμα
891 396 988 462 δοκεῖ
1011 389 1096 461 εἶναι

135 490 220 578 πρός
238 517 273 559 τε
298 488 378 570 τοδς
404 491 615 578 βαρβάρους,
642 489 687 571 ὥς
713 491 758 578 μή
784 492 892 581 πάντη
918 491 1096 581 ἀλλότριον

135 589 250 660 αὐτῶν
268 597 450 678 φαίνεσθαι
469 589 530 660 τόν
542 593 694 680 βασιλέα,
713 594 771 662 καλ
785 592 868 683 πρὸς
881 593 962 674 τούς
977 605 1095 666 Μακε-

93 819 108 860 ε
135 790 294 883 ὀξύτητός
311 819 347 862 τε
364 793 421 862 καί
437 792 568 882 ὕβρεως
583 800 646 882 τῆς
665 799 917 883 Μακεδονικῆς·
954 794 1007 884 ἐφ’
1028 795 1095 890 ὅτῳ

128 893 178 980 Ιδή
204 895 262 963 καὶ
286 893 506 982 ἐγκαταμῖξαί
528 922 585 982 μοι
610 900 801 976 δοκεῖτοῖς
826 896 958 980 τάξεσιν
981 891 1095 966 αὐτῶν

134 993 216 1076 τοδς
230 996 365 1084 Πέρσας
378 995 458 1076 τούς
475 993 691 1085 μηλοφόρους
704 998 761 1066 καὶ
774 1013 845 1077 τοῖς
859 997 1003 1086 ἀγήμασι
1016 995 1096 1078 τούς

136 1093 327 1184 ὁμοτίμους.
361 1096 418 1165 καὶ
435 1100 472 1166 οί
485 1095 581 1166 πότοι
598 1098 648 1184 δέ,
667 1092 712 1178 άς
730 1100 819 1185 λέγει
829 1095 1096 1187 Ἀριστόβουλος,

136 1195 177 1266 οά
195 1203 256 1267 τοῦ
274 1207 371 1267 οίυου
390 1199 488 1267 ἕνεκα
504 1199 626 1285 μακροὶ
645 1197 737 1291 αὐτῷ
757 1203 943 1287 ἐγίγνοντο,
971 1197 1012 1268 οὐ
1029 1201 1096 1288 γάρ

97 1326 123 1366 ιο
137 1305 246 1368 πίνειν
263 1297 373 1368 πολύυ
386 1297 481 1367 οἶνον
491 1296 724 1390 Ἁλέξανδρον,
742 1299 828 1369 ἀλλά
842 1301 1096 1390 φιλοφροσύνης

136 1404 195 1487 τής
221 1407 270 1480 είς
295 1400 376 1480 τοάς
403 1401 568 1488 ἑταίρους.

203 1499 313 1582 Ὅστις
326 1501 365 1570 δὲ
382 1501 746 1591 κακιζειἈλέξανδρον,
763 1501 926 1590 μὴμόνον
945 1500 1007 1572 ὅσα
1022 1501 1096 1584 ἀξια
1104 1508 1145 1574 30

137 1609 334 1686 κακίζεσθαί
358 1607 425 1673 ἐστι
450 1604 698 1692 προφερόμενος
715 1605 881 1692 κακιζέτω,
908 1598 993 1673 ἀλλά
1011 1605 1094 1693 ξάμ-

138 1729 246 1772 παντα
261 1702 481 1793 Ἀλεξάνδρου
498 1710 548 1784 είς
571 1709 608 1773 ἓν
622 1702 777 1794 (χωρίον)
792 1705 993 1792 ξυναγαγών
1007 1705 1095 1775 οὕτω

100 1831 125 1869 15
138 1805 179 1892 δή
199 1808 428 1892 ἐκλογιζέσθωΙ
442 1804 532 1887 ὅστις
549 1833 584 1875 τε
611 1802 660 1874 ἀν
685 1805 788 1886 αὐτὸς
814 1808 871 1874 καὶ
888 1804 991 1898 ὁποίᾳ
1008 1807 1093 1896 τάχη

137 1908 337 1995 κεχρημένος
363 1904 477 1976 ὅντινα
503 1906 687 1995 γευόμενον
714 1911 844 1977 ἐκεῖνον
869 1909 927 1978 καὶ
954 1910 987 1988 ές
1014 1907 1094 1978 ὅσον

137 2007 295 2095 εὐτυχίας
308 2009 366 2096 τής
380 2007 597 2098 ἀνθρωπίνης
612 2008 755 2079 ἐλθόντα
768 2009 904 2097 βασιλέα
917 2036 953 2078 τε
966 2008 1095 2097 ἀμφοῖν

136 2125 210 2178 τοῖν
235 2107 387 2204 ἠπείροιν
422 2107 723 2198 ἀναμφιλογώτατα
749 2111 931 2200 γενόμενον
957 2111 1013 2179 καὶ
1040 2112 1094 2180 ἐπὶ

138 2213 206 2279 πᾶν
234 2211 423 2300 ἐξικόμενον
448 2215 496 2303 τῷ
515 2210 623 2280 αὑτοῦ
641 2211 780 2300 ὀνόματι
796 2220 930 2300 κακίζει,
957 2212 1094 2302 σμικρό-

99 2311 231 2400 εοτερός
257 2340 297 2398 γε
325 2308 372 2380 ἀν
398 2309 501 2393 αότδς
532 2314 589 2382 καὶ
621 2313 676 2382 ἐπὶ
703 2329 852 2402 σμικροῖς
885 2313 1094 2400 πονούμενος

137 2415 195 2481 καὶ
228 2411 309 2482 οὐδὲ
334 2413 439 2483 ταῦτα
473 2417 510 2483 ἐν
541 2413 656 2506 κόσμφ
681 2414 864 2502 τιθέμενος.
918 2413 963 2494 ὥς
990 2419 1127 2500 ἐγωγεε

139 2517 227 2582 δοκῶ
253 2511 303 2582 ὅτι
329 2512 407 2582 οὔτε
432 2541 463 2583 τι
490 2521 589 2595 ἔθνος
616 2515 808 2605 ἀνθρώπων
834 2512 912 2585 οὔτε
934 2542 982 2595 τις
1001 2515 1095 2598 πόλις

139 2617 177 2684 ἐν
208 2617 254 2706 τῷ
286 2614 360 2684 τότε
385 2607 429 2702 ήυ
455 2611 533 2684 οὔτε
557 2641 606 2694 τις
632 2613 680 2696 εἷς
705 2615 885 2706 ἄνθρωπος
911 2624 960 2697 είς
986 2613 1027 2686 ὃν
1053 2617 1093 2686 οό

138 2715 328 2803 πεφοιτήκει
343 2714 380 2785 ιδ
395 2716 617 2807 Ἀλεξάνδρου
635 2715 750 2806 ὄνομα.
777 2717 903 2788 οὔκουν
921 2713 998 2786 οὐδ’
1020 2719 1094 2803 ἐμοὶ

100 2845 125 2884 25
140 2819 201 2899 ἔξω
232 2819 292 2884 τοῦ
326 2825 423 2887 θείου
455 2823 562 2906 φάναι
595 2824 690 2887 δοκεῖ
721 2816 806 2905 ἀνὴρ
849 2818 965 2888 οὐδενί
1000 2815 1092 2912 ἀλλφ

138 2917 331 3008 ἀνθρώπων
346 2919 467 3000 ἐοικός.
500 2921 678 2989 καὶταῦτα
692 2926 837 3008 χρησμοί
846 2945 881 2988 τε
896 2922 1094 3007 ἐπισημῆναι

138 3021 193 3088 ἐπὶ
219 3022 260 3109 πή
278 3027 415 3110 τελευτῇ
429 3020 648 3112 Ἀλεξάνδρου
676 3021 827 3108 λέγονται
852 3021 908 3089 καὶ
934 3021 1093 3109 φάσματα

138 3118 221 3188 ἀλλα
247 3118 359 3202 ἀλλοις
384 3121 546 3210 γενόμενα
579 3125 636 3192 καί
664 3123 805 3193 ἐνύπνια
831 3121 982 3211 φανέντα
1008 3121 1092 3191 ἀλλα

137 3218 248 3300 ἀλλοις
273 3223 330 3291 καὶ
356 3219 377 3310 ή
404 3224 438 3304 ἐς
454 3229 553 3291 τοῦτο
572 3226 604 3305 ἐξ
628 3223 822 3310 ἀνθρώπων
839 3225 915 3312 τιμή
932 3251 967 3292 τε
985 3222 1093 3292 αὐτοῦ

99 3321 194 3390 ιικαὶ
220 3320 331 3410 μνήμη
357 3322 420 3392 οόκ
446 3322 647 3413 ἀνθρωπίνη
673 3315 770 3410 οὖσα,
796 3325 853 3394 καὶ
877 3329 946 3394 νῦν
973 3323 1010 3393 δέ
1037 3323 1091 3393 διά

137 3528 205 3592 τῶν
225 3525 433 3596 Μακεδόνων
456 3526 666 3615 χρησθέντες.
702 3527 774 3596 ἐπεὶ
791 3528 848 3596 καὶ
869 3524 973 3606 αότδς
993 3528 1091 3615 έμεμ-
1110 3543 1125 3590 3
