2678 3950
493 238 676 290 εεεεεεεε
694 241 777 302 κει.
1051 193 1118 301 κατ’

153 401 215 466 τού
241 395 358 483 πρόσω
386 397 487 466 ίέναι·
522 399 560 466 οί
574 395 769 475 Μακεδόνες
787 395 825 466 δέ
852 396 1032 483 ἐξέκαμνον
1049 392 1114 484 ἤδη

153 512 226 578 ταῖς
252 495 412 585 γνύμαις,
438 498 566 577 πόνους
592 524 628 565 τε
655 500 692 566 ἐκ
718 496 834 566 πόνων
857 498 916 566 καὶ
932 496 1115 578 κινδύνους

155 603 191 668 ἐκ
216 597 386 668 κινδύνων
413 597 699 686 ἐπαναιρούμενον
725 595 868 687 δρῶντες
884 599 945 667 τὸν
961 600 1113 688 βασιλέα·

154 701 313 786 ξύλλογοί
336 725 372 769 τε
399 703 574 787 ἐγίγνοντο
608 698 692 768 κατά
724 699 762 767 τδ
798 698 1023 788 στρατόπεδον
1046 703 1116 771 τῶν

128 801 216 890 εμὲν
249 801 289 870 τά
322 803 467 890 σφέτερα
499 797 738 890 ὀδυρομένων,
772 797 847 870 ὅσοι
872 802 1115 888 ἐπιεικέστατοι,
1149 801 1152 807 ’

153 905 223 971 τῶν
241 902 280 972 δὲ
297 902 361 970 ούκ
380 900 635 990 ἀκολουθήσειν,
654 899 729 969 οὐδ’
748 896 792 986 ἢν
810 897 876 990 ἀγη
887 899 1114 990 Ἀλέξανδρος,

155 1004 469 1092 ἀπισχυριζομένων.
512 1007 619 1072 ταῦτα
646 1000 691 1081 ὥς
718 1002 864 1072 ἐπύθετο
888 997 1115 1092 Ἀλέξανδρος,

155 1105 236 1194 πρὶν
270 1107 328 1174 καὶ
362 1105 417 1174 ἐπὶ
442 1112 554 1193 μεῖζον
580 1111 761 1192 προελθεῖν
785 1101 847 1190 τὴν
871 1103 1020 1191 ταραχὴν
1044 1120 1116 1184 τοῖς

155 1205 368 1294 στρατιώταις
403 1207 460 1274 καὶ
494 1205 557 1292 τὴν
594 1200 760 1292 ἀθυμίαν,
795 1205 1000 1291 ξυγκαλέσας
1034 1203 1115 1286 τούς

116 1333 142 1372 ιο
156 1305 321 1396 ἡγεμόνας
347 1312 416 1375 των
441 1306 568 1388 τάξεων
594 1307 705 1386 ἔλεξεν
731 1298 804 1375 ὁδε.

227 1402 338 1494 Ὁρῶν
364 1402 466 1496 ἀμάς,
494 1400 520 1476 ὦ
539 1407 659 1494 ἄνδρες
677 1405 875 1487 Μακεδόνες
893 1434 930 1478 τε
946 1407 1002 1476 καὶ
1029 1407 1147 1496 ξύμ-3

155 1537 264 1598 μαχοι,
290 1506 354 1595 ούχ
381 1508 480 1600 ὁμοία
507 1516 556 1579 ἐτι
580 1513 621 1598 τῇ
648 1508 766 1598 γνύμη
794 1511 977 1596 ἑπομένους
1003 1535 1057 1596 μοι
1083 1512 1116 1589 ἐς

155 1611 235 1690 τούς
252 1609 445 1697 κινδύνους,
473 1609 664 1698 ξυνήγαγον
691 1611 724 1689 ἐς
750 1607 865 1696 ταύτό,
893 1606 976 1697 ύςῆ
998 1616 1115 1690 πείσας

156 1711 250 1796 ἄγειν
275 1715 336 1780 τοῦ
364 1711 480 1797 πρόσω
505 1707 691 1797 ἢπεισθεδς
709 1709 817 1779 ὀπίσω
835 1709 1114 1799 ἀποστρέφεσθαι.

117 1837 142 1876 ιε
157 1820 189 1882 εί
213 1812 275 1900 μὲν
301 1813 343 1898 δὴ
360 1818 506 1900 μεμπτοί
521 1819 606 1881 εἰσιν
623 1808 708 1898 ύμῖν
725 1815 760 1879 οί
775 1813 871 1900 με’χρι
889 1815 990 1899 δεῦρο
1008 1838 1114 1900 πονη-

155 1915 273 1994 θέντες
292 1912 389 1982 πόνοι
414 1913 471 1982 καὶ
498 1910 599 1992 αύτὸς
627 1911 693 1997 ἐγω
719 1906 917 2000 ἡγούμενος,
948 1911 1051 1984 ούδέυ
1070 1919 1116 1982 ἐτι

156 2013 330 2102 προῦργου
356 2016 466 2100 λέγειν
490 2021 551 2102 μοί
575 2015 673 2082 ἐστιν.
718 2021 751 2083 εί
775 2012 814 2082 δὲ
836 2011 946 2083 Ἰωνία
971 2041 1006 2084 τε
1032 2013 1149 2102 πρδςι

155 2115 254 2204 ύμιόν
279 2115 336 2184 διά
362 2115 485 2186 τούσδε
509 2113 592 2194 τούς
618 2113 744 2194 πόνους
772 2121 879 2201 ἔχεται
903 2115 960 2184 καὶ
976 2113 1115 2203 Ἑλλήσ-

156 2243 277 2298 ποντος
303 2218 360 2286 καὶ
375 2217 507 2302 Φρύγες
534 2213 718 2304 ἀμφότεροι
742 2217 800 2284 καὶ
818 2215 1041 2297 Καππαδόκες
1058 2219 1115 2286 καὶ

117 2350 144 2390 νο
158 2317 382 2405 Παφλαγόνες
408 2319 464 2386 καὶ
488 2319 601 2387 Λυδοὶ
626 2319 683 2385 καὶ
702 2321 813 2405 Κᾶρες
839 2318 895 2386 καὶ
914 2315 1034 2388 Λύκιοι
1058 2319 1116 2386 καὶ

157 2425 344 2507 Παμφυλία
371 2418 409 2487 δὲ
443 2419 500 2486 καὶ
528 2424 668 2504 Φοινίκη
694 2419 751 2486 καὶ
777 2427 953 2503 Αίγυπτος
985 2417 1048 2498 ξύν
1073 2423 1116 2506 τῇ

157 2520 267 2608 Λιβύη
284 2525 326 2608 τῇ
340 2517 515 2608 Ἑλληνικῇ
532 2521 591 2588 καὶ
604 2515 762 2608 Ἀραβίας
781 2523 870 2586 ἔστιν
888 2515 909 2586 ἀ
926 2519 984 2586 καὶ
1003 2525 1117 2606 Συρία

157 2619 178 2708 ἦ
203 2648 238 2690 τε
261 2628 357 2708 κοίλη
375 2622 433 2688 καὶ
450 2617 470 2707 ἡ
489 2621 572 2708 μέση
589 2624 658 2687 τόν
676 2624 847 2708 ποταμόν,
873 2620 930 2689 καὶ
947 2618 1116 2707 Βαβυλών
1134 2629 1150 2678 ⁶

159 2721 196 2790 δὲ
224 2727 329 2808 ἐχεται
359 2723 417 2789 καὶ
442 2720 480 2790 τὸ
508 2726 667 2790 Σουσίων
693 2726 795 2801 ἔθνος
822 2722 878 2790 καὶ
905 2723 1034 2810 Πέρσαι
1059 2723 1116 2790 καὶ

119 2850 145 2892 25
163 2827 273 2911 Μῆδοι
298 2824 354 2892 καὶ
381 2821 471 2891 ὅσων
497 2822 626 2909 Πέρσαι
651 2823 709 2890 καὶ
735 2825 849 2908 Μῆδοι
874 2824 1032 2912 ἐπῆρχον,
1059 2825 1117 2894 καὶ

159 2924 248 2994 ὅσων
276 2923 314 2992 δὲ
339 2921 402 2992 ούκ
428 2915 544 3012 ἦρχον,
568 2921 609 2992 τά
625 2920 712 3011 ὑπὲρ
739 2921 797 3003 τάς
814 2931 969 3004 Κασπίας
994 2924 1116 3012 πύλας,

157 3027 197 3094 τὰ
224 3022 276 3094 ἐπ’
306 3029 417 3094 ἐκεῖνα
433 3029 495 3094 τοῦ
515 3023 711 3110 Καυκάσου,
739 3022 916 3112 όΤάναϊς,
942 3025 983 3094 τὰ
1001 3025 1116 3113 πρόσω

159 3134 206 3196 ἔτι
222 3128 282 3195 τοῦ
309 3125 485 3212 Τανάϊδος,
503 3131 718 3213 Βακτριανοί,
733 3118 909 3213 Ὑρκάνιοι,
926 3119 1116 3213 ἡθάλασσα

157 3221 365 3315 η’Ῥρκανία,
398 3226 540 3308 Σκύθας
566 3253 602 3296 τε
628 3224 865 3313 ἀνεστείλαμεν
892 3233 965 3297 ἐστι
984 3230 1038 3297 ἐπὶ
1055 3228 1117 3314 τὴν

120 3353 145 3394 ιο
159 3334 295 3416 ἔρημον,
326 3329 381 3396 ἐπὶ
409 3327 538 3408 τούτοις
570 3328 683 3416 μέντοι
713 3329 772 3396 καὶ
797 3325 816 3396 δ
839 3324 944 3408 Ἰνδὸς
970 3328 1117 3416 ποταμός

159 3429 213 3497 διά
232 3431 291 3514 τῆς
308 3425 468 3516 ἡμετέρας
486 3432 549 3516 ῥεῖ,
577 3426 776 3514 ὁῪδάστιης
794 3427 849 3496 διά
866 3434 926 3516 τῆς
943 3426 1115 3518 ἡμετέρας,

158 3526 370 3618 όἈκεσίνης,
386 3528 405 3596 ὁ
421 3527 616 3620 Ἱθραύτης,
633 3535 670 3598 τί
684 3526 814 3600 όκνείτε
831 3529 887 3600 καὶ
904 3527 964 3600 τδν
975 3529 1114 3618 Ὕφασιν
