2664 3946
219 229 280 294 116
571 228 825 288 mamm?

219 376 255 440 ολ
270 371 435 459 ξύμμαχοι
456 375 588 457 ἱππεῖς,
616 360 664 438 ὧν
687 361 767 459 ἦρχε
785 376 973 457 Κοίρανος,
1001 369 1056 437 ἐπὶ
1083 367 1121 438 δέ
1144 371 1181 438 οί

215 471 376 560 Ὀδρύσαι
405 476 536 558 ίππεῑς,
566 461 615 538 ὧν
640 469 753 559 ἡγεῖτο
777 469 933 558 Ἀγάθων
959 469 977 538 ό
1011 477 1176 558 Τυρίμμα.

184 594 201 642 ι
220 573 423 662 ξυμπάντων
447 572 486 642 δέ
508 572 616 662 ταύτη
643 572 836 660 προετάχθη
861 571 882 658 ἡ
900 571 1009 659 ξενικὴ
1027 575 1130 651 ἵππος
1156 569 1177 660 ἡ

218 679 287 743 τῶν
304 673 539 762 μισθοφόρων,
557 663 606 741 ὧν
621 664 722 762 ἦρχεν
735 673 963 760 Ἀνδρόμαχος
981 671 1000 740 δ
1017 669 1177 760 Ἱέρωνος.

221 778 276 846 έπὶ
294 775 333 844 δέ
349 790 422 854 τοῖς
435 774 654 863 σκευοφόροις
668 780 705 843 οί
719 773 786 843 ἇπδ
806 774 940 865 Θράκης
954 775 1043 857 πεζοὶ
1059 777 1092 854 ἐς
1106 799 1204 862 (μυ-ι

219 876 326 964 λακὴν
352 875 552 964 ἐτάχθησαν.
587 875 609 964 ἡ
633 874 671 944 δὲ
692 879 784 945 πᾶσα
802 875 938 963 στρατιά
954 874 1177 963 Ἀλεξάνδρου

222 982 335 1057 ίππελς
348 977 412 1065 μέν
427 980 461 1056 ές
477 979 756 1066 ἑπτακισχιλίους,
770 979 859 1060 πεζοὶ
874 977 912 1046 δὲ
925 975 1014 1064 ἀμφὶ
1026 976 1086 1056 τὰς
1099 979 1178 1045 τέσ-

220 1099 326 1168 σαρας
343 1078 520 1167 μυριάδας.

172 1193 211 1259 13
293 1179 350 1260 Ὡς
368 1179 407 1249 δέ
423 1179 509 1266 ὁμοῦ
528 1177 591 1268 ἤδη
608 1179 650 1247 τδι
668 1179 877 1268 στρατόπεδα
896 1183 1059 1267 ἐγίγνετο,
1078 1176 1177 1267 ὤφθη

220 1281 367 1371 Δαρεῖός
392 1307 429 1350 τε
459 1282 516 1350 καὶ
540 1285 577 1348 οί
600 1278 688 1368 ἄμφ’
716 1279 834 1369 αύτόν,
866 1281 902 1349 οἵ
928 1305 965 1349 τε
992 1279 1179 1368 μηλοφόροι
1192 1305 1217 1344 ιο

221 1385 351 1472 Πέρσαι
373 1383 431 1450 καὶ
446 1379 547 1452 Ἰνδοὶ
571 1383 629 1450 καὶ
644 1381 802 1470 Ἀλβανοὶ
824 1384 882 1450 καὶ
900 1384 1012 1470 Κᾶρες
1035 1386 1072 1450 οί
1092 1380 1178 1450 άνά-

221 1505 361 1554 σπαστοι
377 1485 435 1552 καὶ
454 1488 491 1551 οί
502 1482 640 1570 Μάρδοι
656 1483 800 1572 τοξόται,
813 1482 884 1552 κατ’
905 1481 1012 1552 αύτδν
1022 1481 1178 1564 Ἀλέξαν·

124 1603 127 1610 ’
220 1593 304 1673 δρον
327 1585 523 1672 τεταγμένοι
544 1585 602 1652 καὶ
626 1583 687 1672 τὴν
712 1593 788 1673 ίλην
810 1583 872 1672 τὴν
894 1584 1078 1672 βασιλικήν.
1120 1575 1180 1671 ἦγε

221 1687 260 1756 δέ
278 1686 323 1766 οδς
343 1688 399 1756 έπὶ
416 1685 455 1754 τό
479 1686 591 1768 δεξιόν
611 1686 650 1754 τό
674 1685 781 1755 αύτού
802 1685 1020 1774 Ἀλέξανδρος
1037 1687 1179 1774 μᾶλλον,

220 1789 279 1857 καὶ
318 1793 355 1856 οί
387 1789 516 1875 Πέρσαι
552 1785 800 1876 ἀντιπαρῆγον,
833 1786 1178 1876 ύπερφαλαγγοῦντες
1193 1811 1218 1852 ιι

188 1887 311 1958 επολδ
333 1889 388 1959 έκδ
406 1891 454 1980 τςδ
481 1891 580 1976 σφῶν
598 1886 774 1980 εύωνύμςο.
813 1886 875 1976 ἤδη
893 1915 929 1957 τε
946 1893 983 1958 οί
995 1891 1065 1956 τῶν
1084 1898 1180 1958 Σκυ-

221 1991 297 2059 θῶν
317 1993 429 2070 ἱππεῖς
448 1989 715 2077 παριππεύοντες
738 1987 882 2078 ἣπτοντο
904 1993 974 2058 τῶν
995 2015 1181 2080 προτεταγ-

221 2093 334 2178 μένων
351 2091 411 2179 τῆς
426 2089 648 2179 Ἀλεξάνδρου
673 2091 796 2172 τάξεως
819 2093 877 2160 καὶ
897 2090 1116 2181 Ἀλέξανδρος
1134 2097 1182 2160 ἔτι

223 2191 312 2279 ὅμως
329 2182 410 2280 ἦγεν
429 2195 485 2262 ἐπὶ
504 2191 609 2280 δόρυ,
632 2195 690 2260 καὶ
709 2192 811 2278 ἐγγύς
828 2183 870 2280 ἦν
887 2197 948 2261 τού
969 2193 1181 2273 ἐξαλλάσσειν

220 2293 282 2362 τόν
297 2292 590 2383 ιόδοπεποιημέυον
604 2293 689 2381 πρὸς
701 2296 770 2360 τῶν
785 2298 929 2382 Περσῶν
942 2297 1062 2381 χῶρον.
1095 2301 1180 2364 ἔνθα
1193 2317 1219 2358 το

222 2395 265 2483 δὴ
289 2400 403 2475 δείσας
427 2407 574 2483 Δαρεῖος
599 2394 645 2484 μὴ
671 2395 963 2484 προχωρησάντων
991 2399 1024 2476 ές
1048 2395 1089 2464 τὰ
1117 2393 1181 2481 ούχ

223 2494 332 2584 ὁμαλά
349 2499 420 2565 τῶν
434 2495 648 2566 Μακεδόνων
661 2494 780 2584 ἀχρεῖά
797 2516 891 2584 σφισι
907 2497 1043 2584 γένηται
1056 2495 1098 2564 τά
1117 2494 1180 2584 άρ-

222 2624 328 2686 ματα,
353 2599 480 2668 κελεύει
502 2598 584 2678 τούς
609 2599 898 2686 προτεταγμένους
921 2601 982 2666 τοῦ
1001 2595 1181 2685 εὐωνύμου

223 2699 454 2786 περιϊππεύειν
469 2697 507 2769 τδ
526 2702 627 2788 κέρας
643 2696 681 2767 τό
697 2699 819 2788 δεξιόν,
837 2689 1092 2789 ᾖἈλέξανδρος
1109 2690 1181 2788 ἦγε,

223 2801 285 2868 τού
312 2801 428 2889 μηκέτι
453 2801 655 2892 προσωτέρω
682 2797 809 2880 αύτούς
841 2801 969 2887 ἐξάγειν
1000 2800 1038 2869 τό
1071 2802 1181 2889 κέρας.
1195 2823 1220 2864 ει

190 2913 208 2965 8
226 2901 350 2970 τούτου
368 2901 407 2971 δὲ
424 2903 610 2990 γενομένου
625 2899 843 2988 Ἀλέξανδρος
862 2901 1038 2991 ἐμβάλλειν
1054 2902 1183 2971 κελεύει

226 3005 260 3082 ές
277 2998 405 3083 αύτούς
430 3003 512 3083 τούς
535 3002 768 3090 μισθοφόρους
788 3004 930 3091 ἱππέας,
955 2993 1003 3070 ὧν
1029 3008 1183 3082 Μενίδας
1317 3003 1318 3037 ί

223 3102 347 3190 ἡγεῖτο.
378 3101 667 3194 ἀντεκδραμόντες
684 3102 723 3173 δέ
737 3103 785 3174 ἐπ’
805 3102 934 3185 αύτούς
951 3109 988 3173 οἳ
997 3130 1033 3173 τε
1047 3103 1185 3174 Σκύθαι

226 3209 340 3284 ἱππεῖς
371 3206 430 3274 καὶ
463 3207 531 3274 τῶν
557 3213 735 3294 Βακτρίων
766 3210 803 3275 οδ
826 3205 1084 3293 ξυντεταγμένοι
1113 3219 1184 3284 τοῖς
1316 3239 1317 3253 ¹

225 3305 381 3386 Σκύθαις
404 3307 586 3396 τρέπουσιν
604 3304 742 3394 ὀλίγους
766 3305 866 3387 ὄντας
888 3310 1002 3398 πολλῷ
1021 3314 1181 3386 πλείονες.
1197 3329 1222 3370 ιο

220 3405 439 3498 Ἀλέξανδρος
457 3407 496 3478 δέ
512 3407 593 3490 τούς
611 3410 688 3497 περὶ
702 3406 889 3496 Ἀρίστωνά
905 3434 953 3496 τε,
970 3407 1053 3488 τούς
1071 3414 1182 3478 Παίο·

223 3535 305 3598 νας,
328 3511 386 3579 καὶ
411 3511 492 3592 τούς
516 3511 635 3595 ξένους
660 3514 818 3598 ἐμβαλεῖν
842 3525 914 3591 τοῖς
933 3510 1089 3589 Σκύθαις
1110 3509 1186 3579 ἐκέ·
1314 3593 1315 3596 ¹
