2664 3946
500 263 684 314 ΑΝΑΒΑΣΙΣ
702 267 731 326 ε,
752 264 793 312 τε.
1061 259 1123 324 119

164 401 281 473 αὐτῶν
303 398 411 471 αότοῦ
431 399 519 490 ἀμφὶ
542 417 614 483 τοῖς
641 401 861 492 σκευοφόροις
879 403 1122 490 ξυνεχομένους

164 504 377 574 ἀπέκτειναν·
405 508 441 572 οί
455 501 494 572 δέ
511 499 627 572 αὐτῶν
654 506 868 591 ἐγκλίναντες
893 510 1048 592 ἔφευγον.
1089 507 1126 572 οί

165 606 204 677 δὲ
231 607 287 676 ἐπὶ
313 608 374 674 τοῦ
401 603 510 684 δεξιοῦ
537 607 644 694 κέρως
669 608 739 674 τῶν
763 608 924 696 Περσων,
952 603 1048 674 οὔπω
1064 607 1123 692 τῆς

166 709 277 794 φυγῆς
294 707 353 794 τῆς
371 714 522 794 Δαρείου
540 705 745 795 ᾐσθημένοι,
766 706 1066 797 περιϊππεύσαντες
1083 709 1121 774 τὸ

139 806 383 897 σἈλεξάνδρου
398 805 576 895 εόάνυμον
589 808 674 877 κατά
687 811 787 900 κέρας
800 825 871 890 τοῖς
885 808 973 896 ἀμφὶ
985 818 1122 896 Παρμε-

164 918 273 982 νίωνα
293 911 482 998 ἐνέβαλλον.

241 1013 310 1081 Καὶ
329 1013 366 1080 ἐν
379 1010 491 1102 τοότω
505 1008 703 1100 ἀμφιβόλων
719 1011 761 1080 τά
780 1014 895 1100 πρῶτα
913 1012 1122 1100 γιγνομένων
1133 1019 1175 1084 15

164 1115 234 1182 τῶν
244 1111 457 1183 Μακεδόνων
466 1113 586 1200 πέμπει
596 1120 800 1202 Παρμενίων
813 1112 888 1203 παρ’
901 1112 1123 1202 Ἀλέξανδρον

166 1216 300 1303 σπουδῇ
316 1212 528 1301 ἀγγελοῦντα
545 1211 597 1282 ότι
616 1217 654 1284 ἐν
672 1213 779 1300 ἀγῶνι
796 1212 966 1303 ξυνέχεται
982 1215 1020 1284 τό
1038 1213 1123 1284 κατά

129 1347 153 1386 ιο
166 1320 255 1404 σφᾶς
272 1316 330 1384 καὶ
343 1324 483 1405 βοηθεῖν
496 1320 557 1385 δεῖ.
587 1318 696 1385 ταῦτα
710 1313 754 1395 ὥς
769 1315 952 1404 ἐξηγγέλθη
968 1314 1120 1395 Ἀλεξάν-

167 1424 256 1509 δρςο,
279 1420 341 1486 τοῦ
366 1416 430 1504 μέν
454 1416 587 1486 διάκειν
606 1423 653 1487 ἔτι
669 1415 896 1506 ἀπετράπετο,
924 1420 1124 1505 ἐπιστρέψας

168 1519 206 1588 δέ
224 1517 291 1586 σόν
307 1521 349 1605 τῇ
369 1523 463 1610 ἵππῳ
480 1521 549 1587 των
568 1521 711 1607 ἑταίρων
731 1517 776 1598 οἱς
800 1519 855 1588 ἐπὶ
872 1519 910 1587 τό
929 1519 1037 1599 δεξιόν
1054 1520 1124 1586 τῶν

168 1617 351 1707 βαρβάρων
363 1610 423 1705 ἦγε
436 1619 560 1710 δρόμῳ.
592 1622 649 1688 καὶ
663 1623 780 1709 πρῶτα
793 1619 856 1707 μὲν
868 1635 940 1700 τοῖς
958 1621 1125 1709 φεύγουσι

168 1725 237 1788 τῶν
255 1727 425 1807 πολεμίων
445 1725 595 1806 ἱππεῦσι,
612 1735 684 1800 τοῖς
701 1748 737 1790 τε
751 1728 964 1810 Παρθυαίοις
980 1724 1038 1791 καὶ
1055 1726 1124 1790 τῶν

1 1857 2 1870 ¹
131 1849 156 1888 τε
165 1821 283 1890 Ἰνδῶν
302 1826 391 1889 ἔστιν
405 1815 457 1900 οἷς
470 1822 528 1890 καί
542 1823 688 1910 Πέρσαις
705 1838 777 1902 τοῖς
790 1830 955 1903 πλείστοις
968 1825 1026 1892 καὶ
1039 1849 1124 1912 κρα·

1 1915 2 1928 ’
167 1930 291 2002 τίστοις
310 1921 473 2010 ἐμβάλλει.
508 1925 566 1992 καὶ
586 1928 773 2011 ἱππομαχία
791 1921 875 2013 αὕτη
893 1923 1124 2014 καρτερωτάτη
1142 1934 1158 1984 2

167 2025 229 2093 τοῦ
248 2022 374 2103 παντὸς
390 2030 491 2113 ἔργου
508 2025 659 2113 ξυνέστη.
688 2029 722 2106 ές
734 2025 843 2114 βάθος
860 2053 896 2095 τε
912 2027 991 2118 γάρ,
1009 2022 1064 2096 οἷα
1082 2026 1125 2115 δὴ

170 2125 289 2213 ἰληδὸν
299 2126 504 2213 τεταγμένοι,
517 2123 725 2212 ἀνέστρεφον
739 2131 775 2196 οί
784 2127 948 2216 βάρβαροι
961 2129 1018 2197 καὶ
1031 2127 1126 2196 ἀντι-

168 2228 315 2315 μέτωποι
335 2241 407 2306 τοῖς
435 2225 516 2314 ἀμφ’
540 2225 762 2316 Ἀλέξανδρον
792 2227 1015 2316 ξυμπεσόντες
1048 2227 1127 2298 οότε

131 2351 156 2395 ιο
169 2327 357 2418 ἀκοντισμῷ
391 2333 438 2396 έτι
467 2325 534 2396 οὔτ’
569 2329 751 2416 ἐξελιγμοῖς
780 2331 850 2396 τῶν
881 2334 1013 2415 ἵππων,
1042 2327 1127 2416 ἥπερ

172 2435 378 2516 ἱππομαχίας
396 2433 486 2518 δίκη,
506 2431 664 2518 ἐχρῶντο,
685 2429 771 2498 ἀλλὰ
790 2434 978 2500 διεκπαῖσαι
995 2432 1061 2509 πᾶς
1077 2455 1127 2510 τις

169 2532 207 2599 τὸ
225 2528 306 2598 καθ’
327 2527 451 2618 αότόν,
479 2530 525 2610 τός
547 2530 655 2618 μόνην
678 2531 806 2618 ταάτηυ
823 2539 991 2619 σωτηρίαν
1009 2539 1127 2619 σφίσιν

171 2623 279 2700 οὖσαν
299 2631 523 2720 ἐπειγόμενοι,
543 2631 686 2700 ἔκοπτόν
702 2659 738 2702 τε
755 2633 812 2701 καὶ
832 2632 1011 2702 ἐκόπτοντο
1029 2632 1126 2720 ἀφει-

171 2735 258 2820 δῶς,
288 2727 344 2801 οἷα
367 2733 409 2821 δὴ
434 2731 497 2820 οόχ
519 2731 609 2823 ὑπὲρ
633 2741 730 2822 νίκης
754 2733 932 2823 ἀλλοτρίας
960 2740 1025 2821 ἔτι,
1056 2734 1125 2804 ἀλλ’

1 2921 2 2924 ¹
133 2861 158 2903 ω
171 2833 260 2922 ὑπὲρ
285 2841 451 2923 σωτηρίας
475 2841 600 2914 οίκείας
620 2833 862 2923 ἀγωνιζόμενοι.
901 2837 958 2904 καὶ
978 2839 1128 2906 ἐνταῦθα

171 2944 332 3006 πίπτουσι
349 2935 411 3023 μὲν
429 2936 517 3024 ἀμφὶ
537 2935 694 3024 ἑξήκοντα
710 2940 779 3004 τῶν
799 2939 940 3026 ἑταίρων
957 2941 1018 3006 τοῦ
1034 2937 1127 3007 Ἀλε-

172 3038 338 3126 ξάνδρου,
360 3039 418 3107 καί
440 3035 653 3126 τιτράσιιεται
673 3037 878 3126 Ἡφαιστίων
896 3065 931 3107 τε
949 3037 1053 3118 αότός
1070 3040 1127 3108 καὶ

174 3148 298 3217 Κοῖνος
329 3141 386 3207 καὶ
417 3144 585 3219 Μενίδας·
622 3137 692 3207 ἀλλ’
727 3139 886 3228 ἐκράτησε
914 3141 971 3209 καί
996 3139 1129 3209 τοότων

170 3239 396 3330 Ἀλέξανδρος.

134 3367 160 3408 ιο
249 3343 317 3411 Καὶ
341 3341 473 3412 τοότων
497 3341 560 3431 μέν
584 3339 656 3412 ὅσοι
679 3340 868 3420 διεξέπεσον
892 3343 945 3410 διά
961 3347 1030 3412 τόν
1047 3342 1127 3432 ἀμφ’
1147 3353 1163 3402 8

169 3439 391 3533 Ἀλέξανδρον
416 3450 562 3532 ἔφευγον
585 3443 651 3512 ἀνά
676 3443 815 3534 κράτος·
852 3441 1068 3533 Ἀλέξανδρος
1092 3445 1130 3514 δέ

175 3543 279 3630 έγγδς
295 3535 338 3631 ἦν
355 3545 534 3634 προσμῖξαι
550 3543 612 3634 ἤδη
629 3551 676 3638 τῷ
700 3545 796 3638 δεξιῷ
814 3544 927 3633 κέρατι
943 3548 1012 3612 τῶν
1029 3553 1128 3614 πολε-
