2678 3950
500 245 685 296 οωιεοειε
702 249 734 310 4,
752 247 793 298 ει.
948 319 952 322 -
1067 243 1125 307 181

162 400 342 489 πράγματα
362 405 398 470 έν
420 401 629 491 άνθρύποις,
657 400 699 470 σύ
719 405 787 472 νῦν
812 403 956 490 μάλιστα
974 402 1036 489 μὲν
1055 403 1127 490 έμολ

163 501 315 590 φύλαξον
333 507 480 588 Περσῶν
496 530 532 572 τε
549 505 607 572 καλ
626 503 759 590 Μήδων
783 503 845 590 τήν
869 502 989 592 άρχήν,
1016 501 1127 592 ὥσπερ

163 595 227 672 οὖν
249 605 305 672 καί
331 609 472 685 ἔδωκας·
501 609 533 673 εί
555 603 594 672 δὲ
619 603 661 691 δή
686 604 751 690 έγοδ
771 603 884 674 ούκέτι
901 627 952 674 σοι
969 603 1126 692 βασιλεύς

163 703 359 792 τήςἏσίας,
386 706 429 775 σά
458 705 496 773 δέ
521 705 640 793 μηδενὶ
666 703 758 798 άλλφ
778 703 827 774 ὅτι
848 705 893 794 μή
917 703 1126 798 Ἀλεξάνδρῳ

136 811 377 893 επαραδούναι
393 807 431 874 οδ
453 806 533 894 έμὸν
557 806 688 895 κράτος.
722 804 830 887 οὕτως
849 805 932 875 ούδδ
956 804 1041 894 πρὸς
1057 811 1127 875 τῶν

163 914 331 994 πολεμίων
357 905 423 997 ἄρα
449 905 619 996 ἀμελεῖται
644 905 706 976 ὅσα
733 908 894 997 σώφρονα
921 913 1012 997 ἔργα.

237 1007 418 1104 Ὀξυάρτης
444 1008 482 1078 δὲ
504 1006 655 1088 οἰκούσας
679 1008 760 1089 τούς
784 1014 907 1089 παῖδας
933 1009 1160 1097 έχομένους,4
1186 1076 1192 1093 ,

163 1109 311 1190 άκούσας
342 1109 380 1179 δὲ
405 1111 462 1179 καὶ
485 1107 574 1200 ὑπὲρ
597 1103 759 1196 Ῥωξάνης
789 1113 849 1197 τῆς
878 1110 1051 1196 θνγατρδς
1076 1105 1127 1178 ὅτι

163 1214 255 1300 μέλει
280 1205 385 1297 αύτής
408 1209 634 1303 Ἀλεξάνδρῳ,
665 1211 841 1298 θαρσήσας
873 1209 1012 1298 άφίκέοο
1042 1208 1125 1297 παρ’

126 1340 152 1380 ιο
160 1311 403 1400 Ἀλελξανδρον,
420 1313 478 1381 καὶ
494 1305 539 1400 ήν
557 1315 593 1380 έν
610 1315 687 1401 τιμή
707 1309 788 1401 παρ’
806 1307 913 1403 αύτῷ,
932 1303 1020 1401 ήπερ
1037 1312 1127 1391 είκός

166 1415 222 1484 ἐπὶ
249 1413 415 1504 ξυντυχίᾳ
440 1413 587 1502 τοιαύτη.

236 1513 455 1603 Ἀλέξανδρος
486 1516 542 1602 δέ,
578 1513 624 1594 οδς
654 1513 705 1582 τά.
727 1511 764 1582 έν
795 1518 999 1600 Σογδιανοῖς
1029 1511 1122 1603 αύτῷ
1135 1524 1174 1588 21
1216 1557 1245 1608 ¹.

166 1620 401 1702 διεπέπρακτο,
427 1617 585 1702 ἐχομένης
608 1614 672 1702 ήδη
697 1616 754 1684 καὶ
780 1620 840 1702 τῆς
857 1616 980 1705 πέτρας
998 1616 1031 1694 ἐς
1050 1625 1125 1685 Πα-

129 1755 130 1758 *
167 1717 325 1804 ραιτάκας
342 1713 546 1806 προύχώρει,
565 1713 615 1784 ὅτι
632 1718 688 1786 καί
707 1720 744 1784 ἐν
758 1716 985 1804 Παραιτάκαις
1002 1723 1126 1803 χωρίον

125 1843 152 1884 ιε
164 1845 195 1885 τι
219 1816 357 1904 ὀχυρόν,
382 1815 487 1904 α”λλην
506 1818 643 1904 πέτραν,
667 1819 816 1904 κατέχειν
836 1818 991 1903 ἐλέγοντο
1009 1817 1127 1886 πολλοὶ

164 1923 234 1986 τῶν
253 1917 445 2007 βαρβάρων.
481 1921 629 1987 ἐκαλεῖτο
644 1917 681 1986 δέ
697 1915 781 2005 αὕτη
793 1918 959 2006 Χοριήνου
973 1914 994 2004 ἡ
1006 1918 1126 2008 πέτρα·

164 2021 221 2087 καλ
240 2021 274 2099 ές
294 2017 401 2106 αὐτήν
419 2017 522 2099 αύτός
539 2045 575 2087 τε
591 2017 609 2086 ὁ
628 2019 794 2106 Χοριήνης
821 2019 1047 2106 ξυμπεφεύγει
1070 2019 1127 2086 καὶ
1230 2061 1238 2078 ·

166 2119 262 2188 ἄλλοι
278 2125 348 2188 τῶν
365 2117 531 2207 ὑπάρχων
548 2117 612 2188 ούκ
630 2113 747 2205 ὀλίγοι.
787 2110 829 2206 ήν
846 2119 884 2189 δέ
901 2118 939 2187 τδ
958 2119 1021 2206 μέν
1038 2117 1127 2200 ύψος
1145 2143 1161 2190 2

165 2224 225 2308 τής
250 2222 373 2311 πέτρας
401 2223 434 2302 ές
461 2225 623 2300 σταδίους
649 2231 771 2308 εἴκοσι,
802 2222 926 2300 κύκλος
945 2219 983 2288 δὲ
1001 2221 1033 2299 ἐς
1054 2220 1127 2308 ἑξή-

125 2349 152 2388 εο
166 2341 283 2390 κοντα·
328 2321 413 2410 αύτή
437 2322 475 2390 δέ
497 2319 664 2408 ἀπότομος
689 2321 874 2409 πάντοθεν,
899 2319 1021 2400 ἄνοδος
1039 2320 1077 2389 δέ
1095 2323 1128 2400 ές

165 2421 275 2510 αύτήν
292 2431 353 2511 μία
370 2423 428 2491 καὶ
445 2422 532 2511 αὕτη
558 2420 658 2508 στενή
675 2423 784 2490 τεκαὶ
802 2421 866 2491 ούκ
884 2420 1048 2509 εὔπορος,
1072 2416 1128 2490 οἶα

166 2523 207 2610 δή
235 2523 325 2612 παρά
352 2524 415 2610 τήν
442 2522 548 2610 φύσιν
574 2527 635 2591 τοῦ
664 2528 790 2610 χωρίου
823 2523 1048 2610 πεποιημένη,
1083 2521 1129 2602 τδς

164 2623 313 2712 χαλεπήν
337 2623 422 2694 εἶναι
446 2626 503 2692 καλ
527 2625 669 2712 μηδενὸς
692 2634 861 2713 εἴργοντος
883 2625 941 2691 καλ
967 2621 1047 2692 καθ’
1069 2625 1129 2692 ἕνα

165 2725 333 2795 ἀνελθεῖν.
375 2725 507 2814 φάραγξ
533 2725 570 2794 δὲ
594 2725 709 2816 κύκλφ
733 2741 901 2814 περιεῖργε
923 2721 985 2812 τήν
1003 2725 1129 2813 πέτραν

126 2851 152 2893 ει
164 2833 306 2915 βαθεῖα,
340 2822 424 2895 ὥστε
450 2824 539 2906 ὅστις
564 2827 742 2914 προσάξειν
769 2825 928 2916 στρατιάν
954 2831 996 2914 τῇ
1023 2827 1129 2916 πέτρᾳ

167 2933 298 3016 ἔμελλε,
332 2927 420 2996 πολύ
453 2927 604 3014 πρόσθεν
637 2925 730 3020 αύτῷ
764 2926 827 3014 τήν
857 2927 1017 3015 φάραγγα
1044 2925 1130 2995 εἶναι

164 3029 330 3116 χωστέον,
366 3029 410 3108 τίς
438 3031 471 3109 ἐξ
498 3028 627 3116 ὁμαλοῦ
655 3023 827 3119 ὁρμᾶσθαι
852 3028 1068 3116 προσάγοντα
1096 3029 1129 3107 ἐς

165 3127 358 3219 προσβολήν
384 3129 445 3198 τὸν
472 3130 625 3217 στρατόν.
891 3133 894 3142 ’
979 3140 982 3146 ’

238 3230 336 3300 Ἀλλά
363 3233 422 3300 καὶ
449 3227 494 3311 τδς
516 3230 734 3318 Ἀλέξανδρος
759 3231 880 3319 ήπτετο
914 3232 975 3298 τοῦ
1009 3235 1164 3316 έργου’3

126 3329 255 3400 οοούτω
275 3332 385 3400 πάντα
410 3330 492 3424 ᾤετο
518 3338 637 3420 χρήναι
663 3331 749 3420 βατά
775 3358 810 3399 τε
836 3329 929 3423 αύτῷ
956 3331 1014 3400 καί
1040 3333 1128 3412 ἐξαι-

167 3434 263 3516 ρετέα
289 3432 386 3519 εἶναι,
424 3435 457 3513 ές
488 3432 627 3502 τοσόνδε
658 3433 782 3520 τόλμης
812 3458 848 3500 οε
881 3433 938 3501 καλ
972 3429 1128 3518 εύτυχίας

164 3533 441 3622 προύκεχωρήκει.
484 3534 615 3622 τέμνων
634 3531 675 3620 δή
693 3532 752 3614 τάς
771 3532 890 3614 έλάτως
908 3531 1044 3622 (πολλαὶ
1061 3530 1129 3621 γάρ
