2678 3950
230 227 290 290 192
583 221 834 280 εευωεαενου

193 406 209 454 σ
309 387 357 474 Ῥη
384 381 423 453 δέ
447 390 544 471 τρίτη
568 381 793 471 προσαγαγάν
818 374 920 462 αύθις
943 382 1005 472 τῆν
1029 383 1189 472 φάλαγγα

227 489 285 556 καὶ
312 485 379 554 ἀπὸ
406 489 557 577 μηχανῆς
589 485 746 571 γέφυραν
773 483 943 574 ἐπιβαλών
968 488 1029 554 τοῦ
1056 493 1189 573 τείχους

227 579 251 678 ῆ
277 587 494 676 παρερρωγὸς
520 577 575 673 ῆν,
601 584 707 676 ταύτη
736 587 838 671 ἐπῆγε
862 584 944 666 τούς
963 585 1187 674 ὑπασπιστάς,

227 693 323 778 οἵπερ
347 683 440 778 αύτῷ
468 688 525 756 καὶ
548 685 662 774 Τύρον
687 684 849 766 ιδσαύτως
874 689 1011 768 ἐξεῖλον.
1052 695 1187 758 πολλῶν

228 789 266 858 δὲ
278 789 346 859 ύπδ
361 793 555 876 προθυμίας
570 786 778 875 ὠθουμένων
791 785 897 874 ἀχθος
910 791 1063 876 λαβοῦσα
1075 797 1187 878 μείζονι
1200 821 1214 862 τ

226 889 247 978 ῆ
261 892 394 980 γέφυρα
407 887 593 977 κατερράγη
607 890 663 957 καὶ
677 896 837 958 πίπτουσι
849 887 912 968 ξύν
926 887 1014 979 αύτῆ
1028 897 1188 962 οίΜακε-

194 1004 209 1052 7
228 993 336 1071 δόνες.
367 997 404 1060 οί
418 990 456 1059 δὲ
473 990 638 1080 βάρβαροι
658 990 786 1069 ἰδόντες
804 988 841 1058 τδ
859 991 1061 1079 γιγνόμενον
1078 1000 1187 1073 λίθοις

228 1120 264 1162 τε
282 1091 346 1174 ξύν
362 1096 427 1180 βοῆ
447 1088 513 1161 άπὸ
531 1093 600 1161 τόν
617 1097 736 1178 τειχῶν
753 1093 812 1160 καὶ
829 1091 1008 1179 τοξεύμασι
1024 1095 1081 1163 καλ
1095 1093 1187 1187 ἄλλῳ

228 1192 294 1285 ὅτῳ
318 1219 367 1273 τις
390 1192 473 1281 μετὰ
496 1209 610 1281 χεῖρας
636 1199 721 1280 ἔχων
746 1192 929 1280 ἐτύγχανεν
947 1189 968 1280 ῆ
985 1191 1053 1286 ὅτςο
1076 1221 1125 1276 τις
1151 1200 1188 1265 ἐν

227 1301 275 1385 τῷ
293 1293 367 1363 τότε
386 1301 504 1382 ἐλαβεν
523 1293 730 1381 ἐξηκόντιζον
754 1295 787 1372 ἐς
811 1293 889 1372 τοὺς
909 1296 1128 1376 Μακεδόνας·
1154 1301 1191 1367 οἱ
1201 1329 1227 1368 ιο

228 1396 265 1466 δὲ
291 1398 349 1465 καὶ
375 1394 459 1464 κατά
485 1395 610 1481 θύρας,
637 1399 760 1474 αἵτινες
784 1391 902 1474 αὐτοῖς
927 1395 1012 1464 κατά
1028 1396 1187 1485 τάμεσο-

227 1496 355 1586 πόργια
385 1497 500 1585 μικραὶ
531 1488 637 1583 ῆσαν,
674 1496 847 1576 ἐκθέοντες
874 1499 911 1565 ἐκ
936 1497 1045 1586 χειρδς
1072 1503 1189 1568 έπαιον

228 1599 506 1687 τεταραγμένους.

178 1700 216 1764 27
299 1696 519 1784 Ἀλέξανδρος
544 1697 582 1766 δὲ
606 1697 728 1785 πέμπει
746 1696 906 1768 Ἀλκέταν
925 1698 989 1780 ξύν
1013 1703 1054 1788 τῆ
1079 1698 1188 1770 αύτοῦ

227 1801 316 1881 τάξει
331 1799 413 1878 τούς
436 1825 472 1866 τε
496 1800 810 1888 κατατετρωμένους
832 1796 1017 1889 ἀναλαβεῖν
1041 1804 1100 1871 καλ
1118 1800 1189 1871 ὅσοι
1201 1833 1226 1873 ιε

229 1901 478 1988 προσεμάχοντο
503 1902 817 1970 ἐπανακαλέσασθαι
842 1899 888 1980 οδς
914 1903 967 1972 ἐπὶ
990 1903 1027 1971 τό
1047 1904 1189 1992 στρατό-

229 2007 341 2071 πεδον.
375 2003 432 2069 καὶ
450 2002 491 2089 τῆ
509 2001 650 2091 τετάρτη
670 2000 832 2082 άσαύτως
851 2001 904 2071 ἐπ’
922 2001 1024 2091 άλλης
1041 2008 1190 2094 μηχανῆς

229 2103 313 2191 άλλη
334 2103 502 2190 ἐπιβάθρα
520 2101 612 2194 αύτῷ
631 2103 818 2191 προσήγετο
835 2103 920 2191 πρὸς
938 2103 976 2174 τό
993 2121 1111 2192 τεῖχος.

195 2227 211 2274 ν
305 2204 373 2274 Καὶ
400 2209 436 2272 οί
455 2200 573 2288 Ἰνδοί,
601 2205 663 2283 ἕως
689 2203 751 2291 μὲν
778 2203 895 2286 αὐτοῖς
923 2204 941 2274 ὁ
968 2205 1103 2296 ῆγεμάν
1127 2210 1188 2276 τοῦ

228 2313 356 2393 χωρίου
375 2307 503 2393 περιῆν,
527 2304 739 2392 ἀπεμάχοντο
758 2305 944 2394 καρτερῶς·
972 2306 1018 2388 ύς
1041 2309 1080 2377 δὲ
1102 2311 1229 2396 βέλεινο

198 2396 201 2402 “
228 2406 296 2476 ἀπὸ
314 2408 464 2496 μηχανῆς
487 2407 605 2486 τυπεὶς
624 2405 830 2494 ἀποθνήσκει
851 2412 996 2498 ἐκεῖνος,
1021 2409 1138 2479 αὐτῶν
1154 2437 1190 2492 τε

229 2514 265 2578 οί
287 2511 350 2596 μέν
374 2535 461 2588 τινες
487 2509 697 2588 πεπτωκότες
724 2511 761 2578 ἐν
783 2513 824 2598 τῆ
849 2510 982 2597 ξυνεχεῖ
1003 2519 1188 2602 πολιορκία,

230 2615 265 2678 οί
289 2609 328 2679 δὲ
353 2609 473 2678 πολλοὶ
505 2617 707 2698 τραυματίαι
737 2637 772 2679 τε
802 2611 861 2679 καλ
892 2607 1059 2699 ἀπόμαχοι
1089 2604 1188 2701 ῆσαν,

196 2731 212 2779 3
232 2711 516 2798 ἐπεκηρυκεύοντο
542 2711 626 2796 πρὸς
649 2710 877 2801 Ἀλέξανδρον
921 2715 968 2805 τῷ
994 2713 1031 2782 δέ
1055 2713 1189 2808 ἀσμένῳ

230 2819 358 2897 γίνεται
381 2810 508 2898 ἀνδρας
533 2809 688 2896 ἀγαθούς
712 2815 888 2882 διασῶσαι·
933 2816 990 2883 καλ
1016 2817 1190 2905 ξυμβαίνει
1202 2844 1228 2884 εε

232 2913 287 2981 ἐπὶ
313 2915 399 3003 τῷδε
419 2910 637 3000 Ἀλέξανδρος
662 2928 733 2992 τοῖς
759 2915 978 3002 μισθοφόροις
1000 2915 1120 2998 Ἰνδοῖς
1145 2915 1189 2998 ὥς

230 3014 501 3100 καταταχθέντας
529 3016 561 3092 ἐς
587 3013 648 3099 τῆν
674 3011 779 3101 ἀλλην
813 3019 973 3104 στρατιάν
1004 3019 1069 3098 ξύν
1095 3017 1189 3110 αύτῷ

230 3113 479 3201 στρατεύεσθαι.
525 3119 561 3182 οί
580 3113 643 3200 μέν
667 3115 708 3202 δὴ
735 3117 877 3202 ἐξῆλθον
895 3117 959 3199 ξδν
975 3135 1046 3198 τοῖς
1064 3117 1188 3208 ὅπλοις,

230 3217 287 3283 καλ
305 3217 676 3302 κατεστρατοπέδευσαν
694 3217 777 3284 κατά
796 3221 886 3305 σφᾶς
912 3220 966 3289 ἐπὶ
992 3221 1132 3314 γηλόφῳ
1150 3218 1189 3302 δς

229 3307 272 3404 ῆν
306 3315 485 3404 ἀντίπορος
517 3319 578 3385 τοῦ
611 3321 680 3385 τῶν
707 3321 920 3389 Μακεδόνων
950 3326 1186 3408 στρατοπέδου.
1203 3352 1228 3394 ιο

123 3431 124 3436 ’
229 3417 353 3496 νυκτός
383 3417 421 3486 δὲ
445 3417 608 3487 ἐπενόουν
638 3422 776 3512 δρασμῷ
809 3422 1063 3510 διαχρησάμενοι
1090 3428 1123 3504 ἐς
1149 3427 1190 3494 τὰ
1274 3427 1277 3434 ’

232 3520 376 3606 σφέτερα
402 3517 469 3605 ῆθη
491 3517 739 3608 ἀπαναστῆναι,
766 3519 830 3590 ούκ
853 3524 1027 3602 ἐθέλοντες
1053 3527 1190 3594 ἐναντία
