2664 3946
212 215 254 282 ’ίο
562 214 813 274 ΑΛΕΞΑΝΔΡΟΤ

213 357 416 448 μισθοφόροι
433 358 522 438 ξένοι
539 361 642 427 πᾶσιν
661 357 902 446 ἐπετάχθησαν.
937 356 1008 427 ἐπεὶ
1032 355 1070 426 δὲ
1093 353 1172 426 οὔτε

214 460 326 548 πυκνὴ
356 457 449 551 αὐτῷ
473 459 495 546 ἦ
521 459 653 547 φάλαγξ
677 458 761 528 κατά
784 459 823 527 τδ
847 457 957 540 δεξιόν
980 457 1017 526 τό
1048 459 1169 527 ἑαυτοῦ

216 567 386 651 ἐφαίνετο,
402 561 491 629 πολό
504 587 540 629 τε
551 559 983 648 ταύτηάπερφαλαγγήσειν
997 563 1033 628 οί
1043 561 1172 647 Πέρσαι

216 664 370 749 ἐδόκουν,
389 665 426 732 ἐκ
443 665 504 731 τοῦ
522 663 627 748 μέσον
648 663 800 730 ἐκέλευσε
817 661 882 730 δόο
901 670 975 740 ίλας
991 662 1060 729 τῶν
1080 662 1171 729 ἑταί-

214 791 296 852 ρων,
322 764 384 851 τήν
401 789 437 832 τε
449 761 707 851 Ἀνθεμουσίαν,
730 753 770 849 ἧς
790 763 926 852 ἰλάρχης
943 753 985 848 ἦν
1004 767 1171 849 Περοίδας
1197 795 1211 836 ⁵

213 865 232 934 ὁ
258 866 475 952 Μενεσθέως,
505 866 563 932 καὶ
587 863 649 952 τὴν
672 871 846 950 Λευγαίαν
869 865 1100 951 καλουμένην,
1132 853 1172 950 ἦς

213 965 327 1054 ἡγεῖτο
353 965 594 1054 Παντόρδανος
618 963 637 1033 ό
662 965 878 1054 Κλεάνδρου,
916 966 972 1034 ἐπλ
994 963 1032 1032 τδ
1063 964 1172 1045 δεξιδν

181 1069 199 1119 4
215 1068 358 1155 ἀφανῶς
383 1075 576 1156 παρελθεῖν.
616 1068 673 1134 καὶ
691 1067 773 1147 τοδς
789 1067 925 1149 τοξότας
943 1065 980 1136 δέ
996 1067 1054 1134 καί
1071 1069 1172 1156 μέρος

151 1169 153 1174 ’
214 1173 285 1238 τῶν
301 1167 485 1258 Ἀγριάνων
503 1169 560 1238 καὶ
576 1170 645 1236 τῶν
660 1166 828 1255 Ἑλλήνων
848 1167 1068 1256 μισθοφόρων
1083 1175 1172 1238 ἐστιν

215 1267 275 1351 οὓς
300 1271 383 1340 κατά
405 1270 444 1339 τὸ
470 1270 579 1352 δεξιὸν
602 1269 640 1338 τδ
665 1268 772 1338 αὐτοῦ
799 1273 853 1340 ἐπλ
879 1269 1034 1357 μεταίτιον
1061 1293 1172 1358 παρα·
1185 1301 1211 1344 ιο

215 1371 333 1460 γαγῶν
364 1374 521 1454 ἐξέτεινεν
551 1369 639 1459 ὑπὲρ
665 1369 703 1438 τό
727 1374 795 1439 τῶν
820 1374 963 1458 Περσῶν
986 1373 1087 1460 κέρας
1110 1371 1172 1458 τὴν

217 1474 385 1561 φάλαγγα.
427 1475 498 1541 ἐπεὶ
522 1472 588 1560 γάρ
613 1477 649 1540 οί
669 1471 757 1560 ὑπὲρ
780 1476 841 1541 τοῦ
861 1469 962 1562 ὅρους
979 1473 1174 1558 τεταγμένοι

217 1573 295 1644 οὔτε
307 1574 488 1662 κατῄεσαν,
508 1574 671 1660 ἐκδρομῆς
689 1599 724 1642 τε
742 1571 791 1643 ἐπ’
809 1573 936 1654 αὐτοὺς
953 1575 1021 1642 τῶν
1036 1571 1173 1659 Ἀγριά-

215 1703 287 1746 νων
310 1677 367 1744 καλ
390 1677 459 1742 τῶν
477 1675 621 1755 τοξοτῶν
639 1672 766 1760 όλίγων
783 1675 866 1743 κατά
885 1674 1064 1761 πρόσταξιν
1078 1673 1172 1744 Ἀλε-

216 1775 362 1864 ξάνδρου
375 1777 556 1863 γενομένης
565 1777 691 1865 ῥᾳδίως
701 1774 1014 1863 άπδτῆςόπωρείας
1023 1773 1171 1844 άναστα-
1185 1805 1211 1848 ιο

216 1879 330 1956 λέντες
355 1881 388 1956 ἐς
410 1877 448 1944 τὸ
472 1874 577 1966 ἄκρον
600 1875 794 1964 ἀνέφυγον,
826 1883 911 1963 ἔγνω
934 1878 991 1945 καὶ
1014 1893 1085 1956 τοῖς
1102 1875 1170 1944 κατ’

216 1977 344 2058 αότοδς
389 1979 580 2066 εταγμίνοις
607 1977 756 2046 δυνατὸν
774 1973 814 2046 δν
831 1978 1017 2066 χρήσασθαι
1035 1981 1069 2058 ἐς
1086 1976 1172 2046 άνα·

217 2079 387 2168 πλήρωσιν
409 2082 468 2165 τῆς
492 2079 676 2165 φάλαγγος·
703 2081 841 2160 ἐκείνοις
866 2079 904 2148 δὲ
930 2081 1050 2158 ίπτιέας
1076 2105 1171 2167 τρια·

216 2189 354 2259 κοσίους
373 2181 520 2260 ἐπιτάξαι
538 2179 720 2267 ἐξήρκεσεν.

169 2291 210 2359 10
288 2280 387 2351 Οὕτω
407 2283 449 2369 δὴ
468 2283 690 2368 τεταγμένους
710 2281 832 2368 χρόνον
855 2281 917 2368 μέν
934 2307 1008 2349 τινα
1026 2284 1212 2369 προῆγενιο

216 2381 422 2470 άναπαόων,
453 2381 537 2452 ὥστε
559 2385 616 2452 καλ
641 2383 732 2450 πάνυ
752 2382 842 2460 ἔδοξε
859 2389 999 2467 σχολαία
1015 2384 1174 2468 γενέσθαι

217 2483 333 2555 αὐτῶν
349 2483 372 2573 ἡ
391 2484 565 2573 πρόσοδος.
601 2485 682 2564 τούς
699 2483 764 2571 γάρ
782 2483 995 2570 βαρβάρους,
1023 2481 1114 2562 ὅπως
1131 2483 1172 2550 τά

217 2589 333 2675 πρῶτα
358 2586 565 2674 ἐτάχθησαν,
592 2584 703 2654 οὐκέτι
725 2583 890 2670 άντεπῆγε
914 2596 1077 2671 Δαρεῖος,
1102 2582 1172 2652 ἄλλ’

219 2689 274 2758 ἐπὶ
287 2691 348 2757 τοῦ
365 2690 516 2774 ποταμοῦ
531 2701 604 2764 ταῖς
618 2683 747 2773 ὄχθαις,
761 2688 909 2772 πολλαχῆ
922 2684 985 2772 μὲν
998 2683 1172 2772 ἀποκρήμ-

217 2815 289 2868 νοις
312 2787 446 2876 οὕσαις,
478 2786 606 2857 ἔστιδὲ
630 2785 717 2856 ὅπου
741 2787 797 2855 καὶ
823 2787 953 2876 χάρακα
971 2793 1173 2875 παρατείνας
1186 2815 1212 2858 εε

219 2887 357 2978 αὐταῖς,
389 2895 446 2958 ἵνα
473 2887 704 2977 εὐεφοδώτερα
731 2892 904 2976 ἐφαίνετο,
937 2885 1044 2968 οὕτως
1070 2894 1172 2975 ἔμενε.

218 2993 276 3060 καλ
293 2990 400 3080 ταότη
429 2989 537 3070 εὐθύς
561 2991 661 3076 δῆλος
680 2992 811 3076 ἐγένετο
828 3005 900 3071 τοῖς
917 2988 995 3078 ἄμφ’
1016 2986 1174 3070 Ἀλέξαν-

185 3106 203 3159 2
220 3099 302 3180 δρον
315 3097 356 3181 τῇ
370 3092 488 3182 γνοίμη
503 3094 762 3179 δεδουλωμένος.
790 3090 836 3172 σδς
849 3092 887 3162 δὲ
900 3090 985 3180 ὁμοῦ
1003 3089 1066 3179 ἤδη
1078 3081 1121 3177 ἦν
1133 3089 1175 3159 τά

220 3193 444 3283 στρατόπεδα,
472 3195 622 3263 ἐνταῦθα
645 3193 867 3283 παριππεύων
890 3194 997 3282 πάντη
1017 3192 1175 3274 Ἀλέξαν-

220 3301 299 3382 δρος
317 3295 495 3382 παρεκάλει
512 3293 638 3383 ἄνδρας
656 3294 809 3382 άγαθοδς
826 3303 1020 3382 γίγνεσθαι,
1046 3293 1086 3363 οό
1105 3297 1174 3362 τῶν
1187 3323 1214 3366 ιο

219 3395 393 3484 ἡγεμόνων
405 3397 512 3485 μόνον
524 3396 565 3466 τόι
579 3395 727 3484 όνόματα
740 3395 804 3476 ξύν
816 3398 864 3485 τῷ
882 3397 1043 3482 πρέποντι
1058 3395 1175 3489 κόσμῳ

220 3498 420 3588 ἀνακαλῶν,
452 3497 539 3568 άλλίι
567 3499 626 3567 καὶ
656 3497 796 3585 ἰλάρχας
820 3498 878 3567 καὶ
904 3497 1070 3584 λοχαγοὺς
1094 3495 1175 3566 ὀνο·
