2678 3950
231 225 295 291 260
581 225 828 285 εεοωεαεεον

233 395 370 456 πλείστα
387 384 639 476 ξυγγράψαντες
657 386 812 470 λέγουσιν
825 381 875 453 ὅτι
895 385 1088 466 ἑξακοσίους
1105 404 1188 452 στα·

232 492 327 568 δέους
360 483 492 574 ἀπέχει,
523 491 560 556 ολ
589 485 627 555 δὲ
658 484 699 554 τά
725 484 894 573 ἐλάχιστα,
928 482 977 555 ὅτι
1004 488 1037 565 ές
1063 510 1187 554 πεντα-

232 595 378 668 κοσίους.
417 586 504 656 ἀλλά
531 591 568 656 έν
595 587 825 674 Γαυγαμήλοις
849 586 914 675 γάρ
940 587 1099 672 γενέσθαι
1124 585 1187 674 τῆν

232 688 342 777 μάχην
359 687 443 777 πρὸς
459 694 507 780 τῳ
525 694 664 778 ποταμῷ
682 687 856 780 Βονμιάθῳ
874 689 963 773 λέγει
980 695 1187 774 Πτολεμαῖος

199 803 215 851 6
232 792 289 858 καὶ
303 789 565 878 Ἀριστόβουλος
600 787 696 868 πόλις
713 787 752 858 δέ
769 785 834 857 οάκ
850 779 894 875 ῆν
909 787 950 870 τά
969 787 1217 876 Γανγάμηλα,ε

232 889 318 959 ἀλλά
345 890 438 979 κάμη
464 890 601 979 μεγάλη,
628 886 711 959 οάθέ
736 887 919 978 ὀνομαστὸς
937 885 955 958 ὁ
973 895 1079 979 χοῖρος
1105 886 1189 958 οὐδὲ

232 997 280 1071 είς
307 989 412 1078 ἀκοῆν
438 989 503 1079 ῆθύ
522 991 560 1061 τὸ
580 987 702 1078 ὄνομα·
735 996 837 1059 ἔνθεν
855 993 896 1078 βῆ
911 1017 968 1078 μοι
985 994 1080 1058 δοκεῖ
1094 990 1199 1070 πόλις·

232 1084 319 1161 οάσα
335 1091 376 1160 τά
385 1091 536 1179 Ἀρβηλα
552 1090 763 1179 ἀπηνέγκατο
775 1092 837 1179 τῆν
850 1091 953 1171 δόξαν
969 1095 1027 1178 τῆς
1044 1091 1190 1178 μεγάλης

232 1192 347 1282 μάχης.
392 1199 424 1261 σι’
447 1193 485 1262 δέ
510 1193 595 1283 πρὸς
608 1192 779 1282 Ἀρβήλοις
804 1191 866 1280 χρῆ
885 1202 1016 1262 οίεσθαι
1032 1193 1190 1279 γενέσθαι

231 1293 269 1363 τὸ
296 1300 395 1383 ἔργον
414 1296 534 1381 ἐκεῖνο,
560 1301 608 1374 είς
625 1293 765 1363 τοσόνδε
780 1287 951 1381 ’Λρβῆλων
969 1293 1106 1380 ἀπέχον,
1132 1294 1189 1362 καὶ
1202 1320 1230 1360 ιο

231 1423 294 1482 την
320 1399 357 1464 έν
374 1402 543 1483 Σαλαμῖνι
559 1396 745 1483 γενομένην
760 1401 953 1483 ναυμαχίαν
971 1392 1057 1484 πρὸς
1077 1398 1189 1486 ἰσθμῷ

231 1501 278 1588 τῷ
304 1504 501 1586 Κορινθίων
527 1497 631 1576 ἔξεστι
664 1497 772 1580 λέγειν
798 1493 848 1563 ὅτι
875 1496 1018 1583 ἐγένετο,
1045 1497 1101 1565 καὶ
1126 1495 1189 1582 τῆν

234 1595 285 1666 ἐπ’
303 1596 497 1688 Ἀρτεμισίῳ
514 1602 574 1684 τῆς
593 1595 740 1684 Εὐβοίας
757 1596 841 1683 πρὸς
861 1602 985 1686 Αίγίνη
1003 1593 1187 1688 ῆΣουνίῳ.

199 1710 214 1758 7
308 1699 377 1768 Καὶ
407 1697 476 1786 μῆν
508 1697 597 1783 ὑπὲρ
629 1703 698 1766 τοῖν
735 1695 1039 1786 ὑπερασπισάντων
1073 1702 1109 1768 έν
1141 1703 1189 1789 τῷ

233 1798 382 1890 κινθάνῳ
417 1796 659 1888 Ἀλεξάνδρον,
701 1799 897 1870 Πευκέσταν
936 1798 999 1886 μὲν
1032 1799 1190 1886 γενέσθαι
1202 1821 1229 1862 15

233 1899 420 1987 ξύμπαντες
437 1899 671 1987 ὁμολογοῦσιν,
695 1897 783 1988 ὑπὲρ
801 1899 995 1970 Λεοννάτον
1022 1899 1060 1969 δὲ
1078 1898 1191 1969 οὐκέτι

233 2001 458 2088 ξυμφέρονται
490 1997 572 2070 οάθέ
604 2001 692 2090 ὑπὲρ
720 2000 860 2090 Ἀβρέου
891 2006 954 2070 τοῦ
992 2005 1188 2090 διμοιρίτου.

224 2103 290 2179 ,καὶ
317 2107 354 2169 ολ
374 2099 438 2188 μέν
458 2101 548 2192 ξύλῳ
566 2104 735 2189 πληγέντα
751 2102 836 2170 κατά
853 2106 913 2170 τοῦ
932 2103 1079 2188 κράνους
1092 2102 1189 2172 Ἀλέ-

233 2203 379 2290 ξανδρον
410 2203 467 2270 καί
495 2204 724 2290 ἰλιγγιάσαντα
751 2217 878 2289 πεσεῖν,
911 2196 1012 2283 αὖθις
1039 2203 1076 2272 δὲ
1102 2202 1189 2271 άνα-

233 2303 358 2372 στάντα
395 2309 564 2392 βληθῆναι
594 2307 682 2393 βέλει
714 2303 769 2372 διὰ
800 2308 862 2372 τοῦ
892 2304 1049 2394 θώρακος
1084 2307 1117 2385 ές
1148 2301 1187 2372 τό
1201 2338 1227 2378 εο

233 2407 371 2492 στῆθος·
406 2413 612 2494 Πτολεμαῖος
629 2405 668 2474 θὲ
686 2404 704 2474 ὁ
724 2405 840 2491 Λάγου
857 2404 984 2493 ταύτην
1000 2403 1109 2494 μόνην
1125 2405 1189 2492 τῆν

199 2505 364 2595 επληγῆν
385 2509 550 2594 πληγῆναι
575 2507 664 2594 λέγει
688 2505 750 2610 τῆν
776 2509 810 2586 ές
834 2504 871 2574 τὰ
899 2511 1033 2592 στῆθος.
1083 2505 1121 2576 τὸ
1148 2506 1188 2576 δὲ

234 2607 275 2693 βῆ
308 2611 462 2694 μέγιστον
492 2610 712 2696 πλημμέλημα
742 2610 813 2676 τῶν
844 2606 1113 2697 ξυγγραψάντων
1145 2606 1188 2676 τά

233 2703 320 2794 ἀμφὶ
334 2704 554 2796 Ἀλέξανδρον
568 2713 676 2778 έκεῖνο
689 2716 822 2796 τίθεμαι
835 2713 949 2795 έγωγε.
977 2717 1189 2798 Πτολεμαῖον

233 2806 299 2894 γάρ
324 2807 385 2876 τὸν
414 2807 531 2893 Λάγον
560 2816 647 2878 ἔστιν
679 2817 715 2879 οἳ
738 2807 933 2899 ἀνέγραψαν
959 2811 1192 2897 ξυναναβῆναί
1202 2841 1229 2882 25
1311 2849 1312 2867 ι

231 2935 268 2978 τε
289 2905 495 3000 Ἀλεξάνδρῳ
527 2908 610 2978 κατά
643 2908 705 2998 τῆν
729 2917 873 2999 κλίμακα
899 2908 987 2997 ὁμοῦ
1013 2913 1189 3002 Πευκέστα

232 3010 290 3077 καλ
315 3003 543 3097 ὑπερασπίσαι
567 3012 741 3098 κειμένου,
768 3012 824 3079 καὶ
851 3012 907 3080 έπὶ
932 3016 1017 3104 τῷδε
1043 3017 1190 3100 Σωτῆρα
1310 3097 1311 3100 ¹

235 3111 454 3197 ἐπικληθῆναι
470 3108 532 3179 τὸν
550 3119 776 3200 Πτολεμαῖον·
810 3120 919 3182 καίτοι
937 3110 1040 3192 αάτός
1058 3123 1190 3182 Πτολε-

232 3225 330 3299 μαῖος
356 3209 593 3299 ἀναγέγραφεν
622 3213 704 3282 οὐδὲ
729 3213 980 3299 παραγενέσθαι
1004 3214 1115 3305 τούτῳ
1140 3219 1189 3304 τῷ

235 3319 337 3405 ἔργῳ·
370 3310 454 3380 ἀλλά
481 3318 635 3403 στρατιάς
662 3315 728 3401 γάρ
754 3311 857 3394 αάτός
880 3312 1066 3402 ῆγοάμενος
1083 3313 1187 3395 ἀλλας
1201 3346 1230 3388 εο

233 3413 399 3501 μάχεσθαι
415 3411 522 3500 μάχας
540 3413 696 3502 καὶπρὸς
713 3410 838 3494 ἀλλους
851 3414 1053 3504 βαρβάρους.
1081 3421 1190 3486 ταῦτα

233 3512 296 3600 μέν
322 3512 364 3602 θῆ
393 3517 429 3582 έν
448 3516 567 3605 έκβολῆ
585 3523 646 3586 τοῦ
665 3515 766 3602 λόγου
785 3513 1035 3606 ἀναγεγράφθω
1052 3543 1120 3604 μοι,
1143 3514 1191 3599 άς
1308 3579 1309 3582 ,
