2664 3946
223 228 268 295 w
575 226 826 286 ΔΛΕΞΑΝΔΡΟΤ

226 378 336 452 λίθοις
366 369 522 460 μεγάλοις
545 373 584 440 έν
613 368 715 461 γύψῳ
744 369 904 457 κειμένοις
934 366 1181 458 ξυμπεπηγότα.

226 487 302 553 ταῖς
320 470 358 541 δὲ
378 477 588 559 ἱππαγωγοῖς
600 497 637 540 τε
654 472 711 539 καί
727 486 802 550 ταῖς
814 469 961 560 τριήρεσι
975 476 1045 540 τῶν
1061 479 1182 540 Μακε-

228 574 360 662 δόνων,
385 571 461 643 ὅσαι
477 573 538 653 τάς
555 572 706 661 μηχανάς
724 575 895 660 προσῆγον
917 577 965 664 τῷ
983 580 1100 660 τείχει,
1124 573 1182 642 καὶ

226 675 335 765 ταύτῃ
354 673 418 744 οάκ
436 673 582 764 εὔπορον
601 678 753 760 ἐγίγνετο
770 673 919 757 πελάζειν
935 677 977 762 τῆ
996 675 1109 762 πόλει,
1133 671 1183 742 ὅτι

228 785 321 847 λίθοι
337 778 456 846 πολλοὶ
475 779 509 856 ές
532 775 571 844 τό
590 778 734 862 πέλαγος
752 775 1014 864 προβεβλημένοι
1032 775 1182 864 ἐξεῖργον
1206 804 1220 846 ε

193 892 212 943 ο
229 876 344 947 αὐτῶν
361 878 423 964 τῆν
442 875 544 964 ἐγγύς
562 876 763 966 προσβολήν.
793 877 851 945 καὶ
867 873 1012 957 τούτους
1025 875 1182 958 Ἀλέξαν-

229 984 309 1067 δρος
331 985 419 1066 ἔγνω
445 979 616 1060 ἐξελκύσαι
640 981 677 1048 έκ
698 980 757 1063 τῆς
781 977 971 1066 θαλάσσης·
997 975 1121 1064 ἠνύετο
1144 975 1183 1048 δὲ

227 1085 380 1168 χαλεπῶς
397 1083 498 1149 τοῦτο
522 1080 561 1148 τδ
582 1086 694 1168 ἔργον,
712 1075 768 1148 οἷα
786 1079 828 1166 δῆ
846 1077 913 1147 ἀπό
931 1083 1020 1148 νεῶν
1037 1081 1095 1148 καί
1119 1077 1183 1148 ούκ

227 1179 295 1251 ἀπό
313 1186 374 1270 γῆς
390 1189 530 1271 βεβαίου
547 1181 737 1269 γινόμενον,
754 1178 865 1261 άλλως
882 1206 917 1250 τε
934 1182 992 1250 καὶ
1012 1185 1048 1249 οί
1068 1179 1184 1269 Τύριοι

228 1287 315 1364 ναῦς
331 1283 604 1373 καταφράξαντες
622 1281 712 1370 παρά
729 1282 790 1361 τοὶς
803 1281 956 1371 ἀγκύρας
975 1285 1101 1368 ἐπῆγον
1114 1285 1183 1350 τῶν
1196 1311 1221 1354 ιο

229 1389 374 1476 τριηρῶν
396 1387 454 1454 καί
470 1385 717 1473 ὑποτέμνοντες
733 1383 793 1463 τάς
811 1391 969 1470 σχοίνους
985 1389 1056 1452 τῶν
1072 1382 1182 1470 ἀγκυ-

230 1492 300 1575 ρῶν
318 1484 448 1575 ἄπορον
465 1484 528 1573 τῆν
545 1484 764 1574 προσόρμισιν
780 1501 855 1566 ταῖς
869 1492 1041 1574 πολεμίαις
1057 1485 1183 1555 ναυσὶν

194 1591 381 1658 δέποίονν.
412 1585 630 1675 Ἀλέξανδρος
655 1586 694 1655 δὲ
715 1587 974 1677 τριακοντόρους
997 1586 1123 1668 πολλάς
1149 1590 1183 1666 ές

229 1689 291 1758 τόν
308 1687 416 1758 αὐτόν
433 1687 560 1777 τρόπον
574 1687 703 1776 φράξας
722 1689 901 1777 ἐπέστησεν
920 1693 1099 1778 ἐγκαρσίας
1116 1687 1182 1776 πρό

229 1795 298 1859 τῶν
321 1789 498 1879 ἀγκυρῶν,
530 1786 576 1869 ῶς
604 1788 666 1858 ἀπ’
697 1789 813 1859 αύτῶν
838 1789 1100 1860 ἀναστέλλεσθαι
1121 1789 1182 1858 τόν
1195 1818 1221 1861 ιι

232 1894 399 1962 ἐπίπλουν
412 1895 482 1960 τῶν
494 1896 590 1960 νεῶν.
610 1889 695 1960 ἀλλά
709 1893 765 1960 καὶ
780 1887 825 1970 ῶς
838 1889 964 1980 ὕφαλοι
976 1892 1183 1980 κολυμβηταὶ

230 1993 291 2072 τοὶς
310 2000 468 2080 σχοίνους
482 1990 599 2072 αύτοῖς
612 1992 810 2080 ἀπέτεμνον.
835 1999 871 2062 οί
882 1992 920 2061 δὲ
933 1992 1093 2062 ἀλύσεσιν
1106 1991 1183 2062 ἀντί

232 2101 378 2182 σχοίνων
395 2101 445 2174 είς
461 2092 520 2174 τάς
538 2093 690 2182 ἀγκύρας
712 2093 893 2182 χρεόμενοι,
917 2099 954 2164 οί
973 2093 1183 2181 Μακεδόνες,

231 2203 416 2284 καθίεσαν,
442 2193 526 2264 ῶστε
548 2195 655 2283 μηδὲν
674 2201 722 2264 ἔτι
745 2196 848 2264 πλέον
868 2211 939 2276 τοῖς
956 2203 1183 2284 κολυμβηταῖς

194 2309 214 2359 λ
231 2305 417 2385 γίγνεσθαι.
449 2296 644 2379 ἐξάπτοντες
662 2287 726 2366 οὖν
742 2295 887 2384 βρόχους
904 2301 973 2366 τῶν
990 2305 1098 2366 λίθων
1116 2295 1182 2365 άπδ
1196 2323 1221 2366 ιο

231 2402 292 2469 τοῦ
317 2397 469 2487 χρίματος
492 2396 649 2468 ἀνέσπων
671 2395 799 2478 αύτούς
830 2399 892 2480 ἔξω
914 2403 973 2486 τῆς
995 2397 1183 2486 θαλάσσης·

233 2508 343 2592 ἔπειτα
357 2515 521 2590 μηχαναῖς
530 2505 787 2588 μετεωρίσαντες
797 2499 880 2568 κατά
887 2499 1018 2587 βάθους
1027 2499 1184 2588 ἀφίεσαν,

232 2607 289 2672 ἵνα
307 2601 420 2671 ούκέτι
432 2603 695 2691 προβεβλημένοι
706 2600 848 2689 βλάψειν
867 2607 1014 2689 ἔμελλον.
1041 2599 1127 2670 ὅπου
1146 2600 1185 2669 δέ

232 2703 385 2790 καθαρόν
399 2711 559 2791 πεποίητο
572 2706 642 2770 τῶν
651 2703 829 2791 προβόλων
841 2701 880 2770 τδ
895 2718 1016 2791 τεῖχος,
1029 2700 1070 2772 ού
1084 2710 1184 2789 χαλε·

233 2808 304 2884 πῶς
321 2801 386 2893 ῆδη
402 2803 509 2892 ταύτῃ
528 2808 567 2872 αί
580 2807 659 2889 νῆες
677 2819 864 2892 προσεῖχον.
1195 2828 1222 2869 ιε

198 2913 216 2966 ⁸
311 2909 357 2975 Οί
368 2904 406 2973 δὲ
423 2905 549 2994 Τύριοι,
562 2903 671 2994 πάντη
684 2904 804 2996 ἀποροι
815 2907 1019 2993 γιγνομένοι,
1033 2911 1185 2992 ἔγνωσαν

233 3009 401 3076 ἐπίπλοον
414 3006 615 3094 ποιήσασθαι
627 3021 701 3088 ταῖς
716 3015 885 3096 Κυπρίαις
898 3013 1035 3094 ναυσίν,
1053 3015 1092 3076 αδ
1102 3005 1186 3075 κατά
1319 3091 1320 3094 ¹

230 3108 293 3176 τόν
316 3108 433 3196 λιμένα
452 3107 634 3197 έφόρμονν
651 3107 712 3177 τόν
731 3112 764 3188 ές
782 3112 920 3178 Σιδῶνα
944 3109 1186 3199 τετραμμένον·

234 3213 270 3279 ἐκ
288 3212 416 3278 πολλοῦ
435 3209 477 3296 δῆ
496 3209 782 3290 καταπετάσαντες
794 3215 856 3278 τοῦ
875 3213 1007 3298 λιμένος
1023 3209 1062 3280 τό
1081 3209 1186 3298 στόμα

235 3315 374 3397 ἱστίοις,
382 3309 443 3379 τού
458 3310 503 3398 μῆ
521 3314 696 3399 καταφανῆ
713 3312 871 3397 γενέσθαι
882 3315 952 3381 τῶν
964 3314 1109 3402 τριηρῶν
1125 3311 1187 3399 τῆν
1203 3326 1229 3367 ³⁰

233 3410 422 3502 πλήρωσιν,
446 3409 534 3500 ἀμφὶ
552 3410 655 3499 μέσον
677 3411 821 3501 ἡμέρας,
846 3410 947 3484 ὁπότε
965 3419 1000 3484 οἳ
1014 3439 1050 3482 τε
1066 3418 1188 3484 ναῦται
1313 3445 1318 3464 ⁴

234 3515 290 3584 ἐπὶ
307 3512 349 3582 τά
362 3511 530 3602 ἀναγκαῖα
545 3512 780 3602 ἐσκεδασμένοι
795 3504 883 3602 ῆσαν
899 3516 956 3584 καὶ
970 3513 1188 3605 Ἀλέξανδρος
