2664 3946
510 237 695 290 ΑΝΑΒΑΣΙΣ
712 243 741 302 ε,
759 242 801 290 τι.
1074 239 1134 305 131.

177 375 307 442 ἱππέων
328 378 385 442 καί
411 380 480 442 τών
508 374 620 443 ἄλλων
642 377 716 444 ὅσοι
737 379 903 465 βάρβαροι
924 379 1135 465 ξυνέφευγον

175 482 322 564 Δαρείῳ,
344 475 434 562 πλὴν
446 476 645 562 Ἀρταβάζου
667 480 724 545 καὶ
745 485 814 546 τών
832 479 1034 567 Ἀρταβάζου
1055 487 1135 548 παί-

177 579 247 644 δων
275 578 331 644 καὶ
352 580 420 644 τών
438 576 607 665 Ἑλλήνων
628 586 698 647 τών
718 583 958 668 μισθοφόρων·
993 583 1136 660 τούτους

176 680 214 745 δὲ
228 677 369 758 πιστούς
384 675 470 746 εἶναι
484 686 633 768 Δαρείῳ,
655 685 713 748 καί
729 689 854 768 εἴργειν
875 683 938 770 μὲν
959 682 999 749 τί
1021 686 1134 768 γιγνό-

150 805 261 866 ιμενα
289 779 331 848 ού
353 781 521 859 δυνατούς
549 777 652 868 εἶναι,
681 786 904 869 ἐκτραπέντας
930 786 968 850 δέ
993 786 1055 864 ἐξω
1077 790 1136 868 τῆς

176 882 354 966 λεωφόρον
382 880 465 948 ὁδοῦ
493 881 538 960 ώς
569 884 625 950 ε’πλ
651 882 692 950 τὰ
719 884 781 971 ὅρη
810 888 897 953 ἰέναι
924 884 1008 952 κατὰ
1035 889 1133 970 σφᾶς,

174 982 217 1048 ού
232 982 428 1069 μετέχοντας
441 995 512 1062 τοῖς
526 983 612 1069 ἀμφὶ
626 989 763 1070 Βῆσσον
778 991 838 1052 τοῦ
854 989 967 1070 ἔργον.
996 987 1134 1072 γνώμην
1152 1004 1168 1054 fi

175 1084 213 1152 δὲ
239 1089 447 1170 πεποιῆσθαι
467 1078 547 1161 τούς
568 1086 796 1170 ξυλλαβόντας
816 1093 984 1174 Δαρεῖον,
1016 1090 1048 1154 εί
1072 1087 1134 1173 μὲν

175 1185 342 1252 διώκοντα
374 1191 463 1271 σφᾶς
492 1183 713 1270 Ἀλέξανδρον
744 1189 994 1270 πυνθάνοιντο,
1027 1211 1134 1273 παρα-

138 1321 162 1362 10
176 1289 297 1353 δοῦναι
328 1293 478 1374 Δαρεῖον
503 1287 709 1375 Ἀλεξάνδρῳ
737 1291 794 1354 καί
822 1293 919 1373 σφίσι
945 1315 977 1355 τι
1002 1284 1135 1373 ἀγαθὸν

176 1385 409 1471 εὑρίσκεσθαι*
441 1391 472 1455 εί
492 1391 530 1455 δὲ
551 1389 589 1456 τὸ
610 1393 753 1474 ἔμπαλιν
773 1391 1050 1476 ἐπανεληλυθότα
1073 1389 1134 1476 μύ-

174 1495 285 1573 θοιεν,
299 1487 379 1566 τούς
400 1489 437 1556 δὲ
460 1487 620 1572 στρατιάν
635 1515 672 1557 τε
686 1493 860 1576 ξυλλέγειν
876 1491 959 1576 ὅσην
974 1496 1134 1576 πλείστην

176 1590 337 1656 δύναιντο
365 1591 421 1654 καὶ
451 1592 625 1672 διασώζειν
654 1595 689 1669 ἐς
716 1591 753 1658 τὸ
782 1591 900 1658 κοινὸν
926 1592 988 1677 την
1015 1591 1132 1678 ἀρχήν.

174 1693 312 1774 Βῆσσον
327 1691 364 1756 δὲ
380 1692 479 1778 ἐντῷ
494 1693 636 1777 παρόντι
652 1691 843 1778 ἐξηγεῖσθαι
858 1692 932 1760 κατ’
947 1693 1134 1778 οἰκειότητά

138 1824 163 1866 1⁵
176 1813 212 1857 τε
233 1790 296 1876 τὴν
315 1795 466 1874 Δαρείου
487 1795 543 1858 καὶ
565 1793 617 1860 ὅτι
640 1796 679 1860 έν
699 1800 740 1880 τῇ
762 1792 868 1860 αὐτοῦ
890 1799 1074 1882 σατραπεία
1095 1794 1133 1862 τό

174 1896 272 1979 ἔργον
296 1896 456 1978 ἐγίγνετο.

264 2000 376 2061 Ταῦτα
398 1993 582 2062 ἀκούσαντι
603 1992 807 2086 Ἀλεξάνδρῳ
823 1996 889 2065 α’νᾶ
910 2001 1033 2082 κράτος
1054 1987 1167 2063 διώ-ε

174 2097 253 2164 κτέα
276 2099 444 2182 ἐφαίνετο.
473 2099 528 2163 καὶ
551 2097 616 2183 ἤδη
631 2100 693 2183 μὲν
710 2098 892 2186 ἐξέκαμνον
906 2099 941 2163 οἵ
959 2122 995 2164 τε
1010 2097 1133 2179 ἄνδρες

174 2203 230 2266 καὶ
252 2200 289 2264 οί
306 2200 403 2265 ’ίπποι
426 2197 494 2265 ὑπὸ
522 2203 563 2284 τῇ
584 2204 793 2288 ταλαιπωρίᾳ
814 2204 856 2285 τῇ
877 2201 1021 2284 ξυνεχεῖ·
1047 2197 1132 2264 ἀλλὰ

134 2331 161 2372 ιο
174 2301 231 2366 καί
245 2293 372 2386 ώςῆγε,
390 2301 446 2367 καλ
467 2299 615 2368 διελθών
634 2297 716 2367 δδὸν
738 2299 868 2385 πολλὴν
887 2306 946 2385 τῆς
959 2325 995 2366 τε
1010 2299 1133 2376 νυκτὸς

173 2402 230 2468 καὶ
262 2407 321 2488 τῆς
353 2402 407 2468 ἐπὶ
436 2402 542 2488 ταύτῃ
575 2400 700 2488 ἡμέρας
728 2405 802 2468 ἔστε
836 2403 891 2468 ἐπὶ
921 2387 1131 2486 μεσημβρίαν

173 2503 365 2588 ἀφικνεῖται
380 2507 413 2582 ἐς
422 2529 497 2570 τινα
508 2505 635 2590 κώμην,
649 2505 707 2568 ’ίνα
721 2507 763 2589 τῇ
777 2506 959 2588 προτεραίᾳ
975 2503 1131 2586 ἐστρατο-

173 2606 383 2672 πεδεύκεσαν
404 2607 440 2672 oc
458 2612 608 2689 Δαρεῖον
629 2603 777 2688 ἄγοντες.
814 2605 965 2670 ἐνταῦθα
984 2600 1160 2681 ἄκούσαςτ

172 2705 224 2772 ὅτι
246 2705 368 2784 νυκτὸς
389 2714 560 2772 ποιεῖσθαι
582 2705 645 2791 τὴν
672 2709 814 2790 πορείαν
837 2705 1052 2788 ἐγνωσμένον
1079 2711 1130 2790 είη

133 2839 160 2883 ιε
172 2820 242 2886 τοῖς
256 2808 455 2893 βαρβάροις,
479 2808 598 2893 ἤλεγχε
613 2806 692 2886 τούς
713 2808 933 2892 προσχώρους
948 2809 979 2872 εί
997 2807 1040 2892 δη’
1054 2830 1130 2872 τινα

174 2911 296 2976 εἰδεῖεν
312 2911 560 2995 ἐπιτομωτέραν
575 2907 656 2976 ὁδὸν
680 2911 735 2976 ἐπὶ
762 2905 840 2986 τούς
862 2909 1061 2994 φεύγοντας.
1098 2908 1136 2973 οί

172 3013 211 3078 δὲ
233 3013 359 3078 είδέναι
385 3015 448 3096 μὲν
470 3015 617 3096 ἔφασαν,
647 3012 774 3097 ἐρήμην
796 3012 834 3078 δέ
857 3007 1025 3097 εἶναιτὴν
1048 3008 1130 3076 ὁδὸν

172 3111 219 3179 δι’
247 3114 423 3199 α’νυδρίαν.
468 3111 486 3181 ὁ
516 3114 553 3180 δέ
585 3114 712 3198 ταύτην
743 3111 838 3196 ἄγειν
867 3114 1037 3179 ἐκέλευσε·
1073 3114 1129 3178 καί

171 3213 275 3298 γνούς
297 3214 348 3281 ὅτι
369 3214 432 3300 οὐχ
446 3216 584 3294 ἕψονται
605 3216 640 3280 οί
659 3215 747 3296 πεζοὶ
763 3211 854 3300 αύτῷ
876 3215 1008 3300 σπουδῇ
1030 3213 1129 3280 έλαύ-

132 3344 159 3386 ιο
172 3340 267 3382 νοντι
289 3322 358 3384 τών
379 3317 441 3403 μέν
457 3317 585 3382 ίππέιον
602 3317 636 3394 ἐς
650 3318 892 3392 πεντακοσίους
909 3317 1129 3400 κατεβίβασεν

172 3415 237 3484 ἀπὸ
257 3423 327 3483 τών
347 3419 477 3484 ἵππων·
507 3417 587 3496 τούς
607 3415 773 3503 ἡγεμόνας
795 3415 832 3480 δὲ
853 3420 923 3482 τών
944 3419 1051 3497 πεζών
1073 3416 1129 3481 καλ

170 3523 239 3584 τών
262 3520 375 3584 ἄλλων
399 3521 634 3606 ἐπιλεξάμενος
654 3519 734 3597 τοὺς
755 3517 1034 3604 κρατιστεύοντας
1056 3518 1127 3584 ἐπι-

941 3630 976 3683 ⁹⁸
