2664 3946
479 259 707 328 ANAnAmz's,
728 266 768 315 ιτ.
1052 259 1113 324 123

155 413 283 474 λασσαν
301 401 339 472 δέ
356 402 566 491 κατέπεμψεν
590 401 744 493 ὕπαρχον
763 409 895 492 Συρίας
917 402 975 470 καί
995 405 1113 472 Φοινί·

154 532 214 593 κης
231 506 289 574 καὶ
307 511 461 585 Κιλικίας
478 505 629 593 Μένητα.
660 507 717 574 καί
730 505 840 596 τούτῳ
860 508 984 573 ἔδωκεν
1002 501 1112 592 άργυ·
1132 513 1163 563 1⁰

155 614 233 693 ρίου
250 606 398 676 τάλαντα
418 609 451 686 ές
463 614 628 696 τρισχίλια
641 606 757 695 φέρειν
771 608 827 676 ἐπί
845 605 1038 690 θάλασσαν,
1055 603 1113 672 καὶ

155 705 210 776 άτί
242 707 357 776 αὐτῶν
387 706 582 777 άποστεϊλαι
612 707 686 797 παρ’
709 707 931 793 Ἀντίπατρον
955 703 1045 775 ὅσων
1070 701 1114 773 άν

128 807 269 897 οδέηται
282 807 499 898 Ἀντίπατρος
519 812 552 889 ἐς
571 809 632 878 τὸν
646 809 730 898 πρὸς
744 813 1031 896 Λακεδαιμονίους
1049 805 1114 875 πό·

155 919 265 998 λεμον.
301 913 452 980 ἐνταῦθα
477 912 535 979 καὶ
554 909 719 998 Ἀμόντας
746 910 764 978 ὁ
786 908 1032 998 Ἀνδρομένους
1050 907 1114 990 ξύν

154 1014 196 1100 τῇ
211 1011 353 1099 δυνάμει
365 1010 519 1099 άφίκετο,
533 1008 577 1098 ἣν
594 1016 630 1082 ἐκ
641 1017 856 1091 Μακεδονίας
868 1003 938 1098 ἦγε.
964 1009 1113 1080 καλτοά-
1132 1017 1161 1069 1¹

154 1139 224 1183 των
247 1114 328 1192 τούς
350 1113 413 1201 μέν
438 1112 560 1193 ίππέας
584 1117 619 1194 ἐς
642 1113 705 1201 τὴν
729 1118 835 1182 ’ίππον
859 1113 922 1198 τὴν
948 1113 1114 1199 ἑταιρικὴν

156 1213 332 1294 κατέταξεν
353 1213 589 1304 Ἀλέξανδρος,
614 1215 697 1294 τούς
721 1214 839 1296 πεζούς
863 1213 902 1283 δὲ
926 1213 1115 1301 προσέθηκε

119 1343 144 1384 ιο
157 1331 231 1395 ταῖς
248 1317 359 1397 τάξεσι
375 1331 449 1395 ταῖς
466 1313 595 1405 άλλαις,
612 1316 697 1386 κατά
713 1321 795 1402 ἔθνη
812 1313 972 1393 ἑκάστους
990 1313 1114 1395 ξυντά-

158 1419 226 1499 ξας.
265 1416 444 1505 κατέστησε
467 1416 587 1487 δὲκαὶ
611 1417 733 1505 λόχους
755 1415 820 1485 δύο
846 1419 882 1486 ἐν
902 1415 1024 1504 ἑκάστῃ
1044 1423 1115 1502 ίλμ,

159 1517 201 1587 οὐ
225 1517 376 1607 πρόσθεν
394 1515 493 1597 όντας
518 1519 640 1606 λόχους
667 1517 843 1603 ίππικοός,
866 1518 924 1585 καὶ
948 1517 1115 1603 λοχαγοὺς

161 1617 320 1708 ἐπέστησε
352 1618 433 1700 τούς
461 1617 530 1687 κατ’
561 1619 682 1710 άρετὴν
713 1617 958 1708 προκριθέντας
985 1621 1022 1687 έκ
1044 1620 1115 1685 τῶν

161 1723 312 1808 ἑταίρων.

120 1847 146 1890 τε
223 1817 329 1910 ’Ἁρας
347 1820 385 1892 δὲ
404 1823 440 1890 έκ
455 1819 600 1890 Σοόσων
617 1821 674 1888 καί
693 1820 810 1910 διαβάς
827 1821 889 1890 τόν
905 1827 1114 1909 Πασιτίγρην
1125 1823 1162 1886 17

158 1923 311 2009 ποταμόν
330 1923 484 2010 ἐμβάλλει
501 1929 550 2001 είς
567 1920 629 2008 τὴν
650 1920 787 2004 Οὐξίων
804 1925 878 2009 γῆν.
923 1920 1059 2002 Οὐξίων
1077 1920 1116 1990 δὲ

158 2022 276 2110 οἱμὲν
299 2023 340 2091 τά
369 2029 469 2093 πεδιά
494 2025 668 2102 οἰκοῦντες
697 2027 758 2094 τού
789 2051 825 2093 τε
848 2023 1023 2112 σατράπου
1046 2025 1116 2091 τῶν

159 2128 304 2214 Περσῶν
316 2122 442 2212 ἤκουον
455 2126 513 2192 καὶ
525 2123 601 2194 τότε
612 2123 820 2218 Ἀλεξάνδρω
834 2130 923 2213 σφᾶς
938 2123 1115 2194 ἐνέδοσαν·

158 2230 195 2295 οί
208 2224 247 2296 δέ
265 2224 366 2314 ὄρειοι
382 2225 583 2313 καλοόμενοι
604 2225 718 2307 Οὐξιοι
736 2227 883 2314 Πέρσαις
896 2253 932 2295 τε
944 2223 1007 2311 οὐχ
1024 2223 1116 2311 ὐπή-

119 2353 146 2394 ω
159 2353 230 2396 κοοι
246 2319 332 2414 ἦσαν
348 2329 406 2396 καὶ
422 2327 498 2396 τότε
515 2327 706 2413 πέμψαντες
723 2327 798 2417 παρ’
814 2325 1034 2414 Ἀλέξανδρον
1052 2324 1116 2394 οὐκ

158 2426 267 2508 άλλως
285 2429 447 2518 παρήσειν
472 2435 602 2516 ἔφασαν
618 2427 681 2515 τὴν
700 2430 756 2497 ἐπὶ
778 2428 914 2518 Πέρσας
933 2427 1028 2498 ἰόντα
1052 2427 1117 2509 ξύν

157 2531 199 2617 τῇ
219 2529 362 2617 δυνάμει
378 2525 531 2618 ἢλαβείν
549 2527 611 2598 ὅσα
628 2531 686 2598 καὶ
704 2528 795 2617 παρά
813 2533 874 2598 τού
890 2531 1034 2619 Περσῶν
1051 2537 1116 2617 βα-

159 2629 275 2710 σιλέως
290 2633 345 2699 ἐπὶ
358 2633 399 2718 τῇ
415 2630 554 2722 παρόδῳ
574 2629 773 2719 ἐλάμβανον.
797 2633 854 2699 καί
867 2630 1011 2711 τοότους
1029 2629 1115 2699 άπο-
1132 2645 1150 2697 2

159 2730 280 2819 πέμπει
294 2729 523 2821 Ἀλέξανδρος,
540 2729 632 2818 ἥκειν
649 2732 811 2812 κελεύσας
826 2733 881 2801 ἐπὶ
894 2730 935 2800 τά
949 2729 1049 2802 στενά
1068 2722 1116 2800 τόν

119 2857 145 2900 ιι
158 2835 360 2920 κρατοῦντες
385 2835 441 2902 ἐπὶ
465 2840 582 2921 σφίσιν
607 2833 751 2902 ἐδόκουν
774 2833 837 2920 τὴν
855 2834 1007 2922 πάροδον
1032 2831 1117 2902 εἶναι

158 2935 221 3020 τὴν
240 2937 273 3013 ἐς
291 2934 444 3024 Πέρσας,
469 2939 526 3003 ἵνα
549 2935 606 3003 καί
625 2932 699 3024 παρ’
719 2932 827 3004 αὐτοῦ
852 2935 986 3024 λάβοιεν
1002 2935 1043 3003 τά
1061 2961 1116 3004 τε·

157 3035 315 3122 ταγμένα.
352 3033 455 3115 αὐτὸς
473 3035 511 3104 δὲ
527 3034 709 3126 άναλαβάν
726 3036 808 3116 τούς
825 3036 1116 3124 σωματοφύλακας

156 3135 238 3216 τούς
255 3137 449 3225 βασιλικούς
462 3138 520 3206 καὶ
533 3136 615 3217 τούς
632 3137 844 3218 όπασπιστόις
862 3140 919 3207 καὶ
937 3141 996 3225 τῆς
1014 3135 1116 3226 άλλης

157 3239 314 3324 στρατιᾶς
333 3241 367 3318 ἐς
385 3236 650 3324 ὀκτακισχιλίους
674 3242 733 3326 τῆς
756 3238 880 3320 νυκτός
904 3236 956 3328 ᾔει
973 3234 1116 3328 άλληνῆ

119 3363 145 3411 ιο
157 3338 220 3424 τὴν
238 3339 391 3426 φανεράν
407 3339 630 3428 ἡγησαμένων
648 3338 741 3430 αὐτῷ
760 3343 829 3408 τῶν
848 3347 1018 3410 Σουσίων.
1057 3340 1116 3408 καὶ
1134 3354 1150 3404 ε

157 3439 303 3509 διελθών
321 3439 403 3510 ὁδόν
425 3455 584 3528 τραχεῖαν
602 3443 660 3510 καὶ
677 3442 851 3530 δύσπορον
871 3443 907 3511 ἐν
924 3444 983 3530 μιᾷ
1006 3437 1115 3529 ἡμέρᾳ

159 3543 325 3611 ἐπιπίπτει
346 3557 420 3622 ταῖς
444 3542 574 3630 κοίμαις
596 3545 665 3610 τῶν
693 3541 848 3632 Οὐξίων,
878 3543 936 3610 καὶ
964 3547 1058 3609 λείαν
1081 3565 1117 3610 τε
