2590 3948
467 239 651 293 ιιιιιιιιειε
671 244 696 305 ι,
713 245 737 293 ο.
1021 240 1080 305 301

122 425 206 486 ρων,
232 395 294 485 ὑφ’
324 387 372 465 ὧν
398 395 549 485 πρόσθεν
575 395 698 484 ἤγεσθε
724 400 781 466 καὶ
809 399 969 487 έφέρεσθε
987 393 1087 468 αύτοί

119 526 159 568 τε
183 500 241 567 καὶ
258 497 297 566 τά
316 496 472 586 ὑμέτερα,
496 497 664 586 ἡγεμόνας
682 501 880 587 κατέστησεν
898 503 933 569 ἐκ
951 496 1085 568 δούλων

119 602 181 668 καί
193 597 366 686 ύπηκόων,
380 601 437 668 καὶ
449 605 506 686 τῆς
518 599 651 689 Θράκης
664 600 820 668 τὰπολλὰ
834 606 876 689 τη
887 605 1083 692 Μακεδονίᾳ

120 704 324 790 προσέθηκε,
351 701 407 768 καί
432 704 501 768 τῶν
529 701 584 769 ἐπὶ
609 701 760 792 θαλάττῃ
787 710 920 789 χωρίων
944 701 985 770 τά
1011 705 1084 770 έπι-

89 801 302 888 εκαιρότατα
335 801 600 889 καταλαβόμενος
633 802 694 890 τὴν
725 805 887 891 ἐμπορίαν
918 809 961 892 τῇ
993 803 1085 893 χάρη

119 903 319 990 ἀνεπέτασε,
337 904 394 970 καὶ
411 905 480 971 τῶν
497 903 669 990 μετάλλων
686 903 747 991 την
766 908 926 990 ἐργασίαν
943 899 1085 992 ἀνενδεῆ

118 1005 284 1093 παρέσχε·
314 1006 494 1073 Θεσσαλων
512 1003 739 1092 δέάρχοντας,
756 1002 817 1085 οδς
831 1004 932 1074 πάλαι
946 1005 1084 1092 έτεθνή-
1102 1023 1119 1071 4

117 1131 211 1174 κειτε
227 1111 274 1197 τῷ
292 1106 371 1192 δέει,
389 1103 551 1193 ἀπέφηνε,
568 1107 625 1174 καὶ
641 1105 678 1174 τό
695 1107 841 1176 Φωκέων
860 1112 959 1186 ἔθνος
970 1131 1085 1176 ταπει-

117 1205 236 1286 νοόσας
262 1205 324 1293 την
356 1209 390 1286 ές
416 1207 477 1294 τὴν
500 1205 640 1276 Ἐλλάδα
665 1206 815 1294 πάροδον
842 1215 1003 1277 πλατεῖαν
1029 1210 1086 1278 καὶ

75 1341 102 1381 ιο
118 1306 273 1396 εύπορον
300 1304 377 1376 ἀντὶ
403 1313 520 1394 στενῆς
537 1335 572 1376 τε
589 1310 645 1376 καὶ
663 1306 794 1395 ἀπόρου
811 1302 896 1396 ύμῖν
914 1311 1085 1396 ἐποίησεν·

123 1409 332 1495 Ἀθηναίους
357 1436 392 1478 τε
417 1411 474 1478 καὶ
494 1415 675 1497 Θηβαίους,
702 1410 946 1499 ἐφεδρεύοντας
972 1407 1026 1479 ἀεὶ
1043 1413 1084 1498 τῇ

120 1514 337 1600 Μακεδονίᾳ,
366 1513 400 1590 ές
425 1509 564 1579 τοσόνδε
582 1513 816 1598 ἐταπείνωσεν,
841 1508 905 1598 ἤδη
926 1509 1087 1598 ταῦτάγε

118 1611 180 1681 καὶ
198 1609 296 1698 ἡμῶν
314 1608 405 1703 αύτῷ
422 1611 696 1699 ξυμπονούντων,
724 1611 769 1692 ύς
787 1610 863 1681 ἀντὶ
880 1617 941 1680 τού
958 1611 1086 1700 φόρους

117 1721 236 1782 τελεῖν
246 1710 434 1800 Ἀθηναίοις
447 1714 503 1781 καὶ
515 1710 700 1782 ὑπακούειν
711 1720 880 1802 Θηβαίων,
895 1708 975 1802 παρ’
991 1711 1087 1801 ἡμῶν

79 1847 105 1886 ιε
120 1819 160 1884 έν
174 1818 226 1905 τῷ
244 1814 335 1901 μέρει
345 1817 493 1894 ἐκείνους
503 1812 565 1900 τὴν
578 1812 764 1902 ἀσφάλειάν
778 1835 870 1903 σφισι
883 1822 1085 1904 πορίζεσθαι.

119 1920 155 1996 ές
171 1913 435 2002 Πελοπόννησον
453 1915 492 1984 δέ
509 1914 690 2004 παρελθόν
706 1915 746 1983 τά
765 1917 835 1984 ἐκεῖ
850 1907 894 1984 αύ
910 1919 1086 2004 ἐκόσμησε·
1105 1924 1122 1973 5

118 2019 181 2086 καὶ
208 2014 346 2104 ἡγεμών
371 2014 586 2105 αύτοκράτωρ
613 2014 791 2104 συμπάσης
816 2022 874 2103 τῆς
897 2015 999 2103 ἄλλης
1013 2017 1087 2088 Ἑλ-

120 2119 229 2198 λάδος
247 2115 460 2204 ἀποδειχθεὶς
476 2121 535 2204 της
554 2119 608 2186 ε’πὶ
626 2117 685 2186 τόν
701 2119 837 2206 Πέρσην
855 2123 1008 2206 στρατιάς
1026 2117 1088 2206 ούχ

123 2222 238 2312 ἑαυτῷ
264 2218 395 2306 μᾶλλόν
412 2245 444 2286 τι
468 2218 530 2306 τὴν
548 2217 650 2299 δόξαν
675 2218 776 2305 τήνδε
793 2215 815 2306 ἦ
833 2225 881 2312 τῷ
898 2223 1002 2311 κοινῷ
1019 2223 1089 2290 τόν

81 2351 108 2390 ιο
122 2318 342 2392 Μακεδόνων
368 2319 568 2408 προσέθηκε.

208 2425 323 2491 Ταῦτα
348 2419 410 2507 μέν
427 2420 468 2490 τά
488 2423 524 2489 έκ
540 2425 602 2490 τού
620 2417 745 2510 πατρός
762 2421 824 2488 τού
845 2423 928 2508 έμού
947 2422 981 2501 ές
997 2423 1121 2508 ύμάςο

121 2521 344 2610 ὑπηργμένα,
377 2519 422 2602 ἀς
455 2522 517 2610 μὲν
542 2519 629 2591 αύτά
656 2519 710 2610 ἐφ’
743 2523 873 2591 ἑαυτῶν
900 2521 1090 2604 σκέψασθαι

123 2620 271 2713 μεγάλα,
295 2620 394 2712 μικρά
420 2622 459 2692 δέ
485 2621 529 2704 ἀς
554 2651 593 2710 γε
617 2623 659 2710 δὴ
678 2621 761 2712 πρός
777 2621 818 2691 τά
836 2622 977 2712 ἡμέτερα
1003 2625 1088 2710 ξυμ-

124 2733 262 2812 βαλεῖν·
293 2721 331 2804 δς
349 2722 552 2812 παραλαβάυ
570 2723 661 2813 παρά
678 2727 740 2793 τού
758 2722 883 2812 πατρὸς
900 2730 1009 2814 χρυσᾶ
1027 2724 1090 2812 μὲν

84 2854 110 2894 ιε
124 2829 184 2895 καὶ
211 2823 345 2913 ἀργυρά
372 2824 549 2913 ἐκπώματα
576 2824 674 2911 ὀλίγα
690 2823 839 2894 τάλαντα
857 2824 895 2894 δὲ
913 2819 995 2894 ου’δὲ
1014 2823 1090 2913 ἑξή-

124 2953 233 2996 κοντα
251 2928 288 2995 έν
304 2941 374 3006 τοῖς
391 2935 591 3016 θησαυροῖς,
617 2931 726 3016 χρεόν
744 2925 782 2995 δέ
800 2923 1002 3014 ὀφειλόμενα
1019 2926 1089 2996 ύπδ

127 3034 302 3098 Φιλίππου
327 3029 360 3108 ές
379 3027 577 3098 πεντακόσια
593 3027 750 3114 τάλαντα,
778 3027 1016 3116 δανεισάμενος
1035 3029 1091 3097 έπλ

125 3127 260 3208 τούτοις
278 3127 380 3210 αύτός
398 3127 481 3198 ἀλλα
498 3128 675 3198 ὀκτακόσια
688 3127 848 3216 ὁρμηθεὶς
862 3131 968 3216 ἕκτης
981 3128 1091 3218 χώρας

126 3235 188 3315 τῆς
214 3256 255 3316 γε
280 3227 363 3300 ούδὲ
387 3230 477 3318 ύμᾶς
503 3228 628 3310 αύτούς
650 3228 838 3319 βοσκούσης
855 3235 966 3310 καλῶς
984 3228 1091 3310 εύθύς

88 3356 114 3394 ιο
128 3329 194 3416 μέν
225 3335 289 3399 τού
313 3329 558 3420 Ἑλλησπόντου
589 3330 674 3419 ύμῖν
699 3330 760 3400 τόν
786 3329 892 3420 πόρον
918 3339 1091 3400 θαλασσο-

127 3430 345 3517 κρατούντων
356 3435 392 3502 έν
404 3437 452 3524 τῷ
465 3431 537 3502 τότε
547 3437 691 3522 Περσων
704 3430 907 3501 ἀνεπέτασα·
924 3430 1091 3520 κρατήσας
1110 3447 1124 3495 ⁷

131 3529 170 3598 δὲ
184 3537 227 3619 τῇ
241 3535 335 3627 ’ίππςο
348 3533 428 3615 τούς
443 3533 613 3625 σατράπας
621 3539 683 3603 τού
693 3537 842 3623 Δαρείου
851 3529 1092 3622 τήντεἸωνίαυ
