2590 3948
217 227 281 294 286
574 223 828 280 εεοεεαοεον

216 384 348 478 ὑστέρῳ
370 391 459 456 ἔσται
476 383 593 470 τυχόν,
621 387 653 451 εί
670 379 688 450 ὅ
705 409 741 450 τε
757 379 868 468 θυμός
886 407 926 468 με
943 381 999 449 καὶ
1017 373 1189 467 ὁδαίμων

216 488 324 577 ταύτη
351 485 433 572 ἀγει.

185 608 200 660 τ
290 587 509 672 Ἀλέξανδρος
544 583 582 654 δέ
610 583 835 671 Ἡφαιστίωνα
870 581 932 671 μὲν
971 582 1037 652 σύν
1068 608 1106 651 τε
1140 586 1185 672 τῇ

217 696 355 777 πλείστῃ
373 695 475 777 μοίρμ
492 691 551 773 τῆς
570 687 724 774 στρατιᾶς
741 684 797 752 καί
815 699 885 764 τοῖς
903 681 1107 770 ύποζυγίοις,
1125 685 1185 753 καὶ

217 789 298 871 τούς
326 791 508 876 ἐλέφαντας
535 785 601 876 ἅμα
627 781 663 855 οἱ
679 792 797 872 έχοντα
815 785 878 872 τὴν
896 784 986 872 παρὰ
1003 783 1213 859 δάλασσανε

218 890 284 961 ἀπὸ
299 896 497 977 Καρμανίας
516 885 561 968 ὥς
575 888 630 958 έπά
647 885 708 974 τήν
722 891 874 976 Περσίδα
888 884 982 973 ἀγειν
997 886 1186 972 ἐκέλευσεν,

220 992 271 1062 ὅτι
296 994 457 1079 χειμῶνος
484 987 554 1080 ὥρᾳ
580 988 782 1076 γιγνομένου
809 982 903 1077 αύτῷ
919 990 981 1058 τοῦ
1000 985 1122 1056 στόλου
1141 986 1184 1056 τά

218 1093 302 1183 πρὸς
327 1096 369 1182 τῇ
394 1090 551 1180 θαλάσση
578 1096 634 1178 τῆς
656 1093 823 1179 Περσίδος
842 1087 973 1157 ἀλεεινά
990 1114 1027 1158 τε
1043 1080 1099 1176 ἦν,
1126 1089 1186 1157 καὶ

217 1196 286 1263 τῶν
313 1197 509 1281 ἐπιτηδείων
535 1187 700 1280 ἀφθόνως
727 1197 853 1278 ἔχοντα.

167 1303 210 1372 29
296 1292 409 1374 Λύτὸς
436 1293 475 1362 δὲ
501 1294 564 1373 ξύν
589 1308 659 1372 τοῖς
677 1290 896 1378 κουφοτάτοις
913 1293 983 1360 τῶν
1001 1293 1107 1374 πεζῶν
1127 1291 1185 1359 καὶ
1200 1328 1223 1365 10

220 1395 283 1479 ξύν
308 1399 377 1465 τάν
405 1396 535 1464 ίππέων
561 1408 632 1473 τοῖς
659 1395 799 1480 ἑταίροις
825 1392 882 1461 καὶ
908 1392 999 1478 μέρει
1024 1392 1089 1460 τιυὶ
1113 1397 1187 1460 τοῖν

220 1499 365 1580 τοξοτῶν
396 1495 449 1585 ᾔει
479 1494 543 1582 τὴν
570 1496 624 1563 ἐπὶ
652 1491 880 1581 Πασαργάδας
912 1494 972 1580 τῆς
1005 1497 1186 1580 Περσίδος.

222 1598 422 1685 Στασάνορα
437 1595 475 1665 δέ
488 1596 693 1682 καταπέμπει
707 1596 762 1663 ἐπὶ
775 1593 838 1680 την
850 1593 964 1684 χάραν
973 1592 1035 1681 τὴν
1051 1597 1186 1664 ἑαυτοῦ.

186 1717 202 1766 2
222 1698 266 1780 άς
285 1699 324 1768 δέ
343 1699 398 1768 ἐπὶ
419 1711 489 1776 τοῖς
507 1694 599 1785 ὅροις
616 1688 657 1784 ἦν
674 1701 734 1782 τῆς
755 1699 931 1781 Περσίδος,
963 1695 1188 1789 Φρασαόρτην

220 1800 283 1888 μέν
309 1797 349 1868 ού
377 1797 538 1885 κατέλαβε
565 1796 817 1887 σατραπεύοντα
836 1802 893 1882 ἔτι,
920 1791 1027 1887 (νόσῳ
1044 1795 1109 1884 γάρ
1128 1823 1186 1864 τε·
1203 1832 1226 1872 15

219 1898 426 1987 τελευτηκτδς
461 1898 643 1987 ἐτύγχανεν
678 1901 715 1968 έν
743 1897 860 1976 Ἰνδοῖς
896 1903 943 1966 ἔτι
965 1895 1188 1986 Ἀλεξάνδρου

221 1999 333 2090 ὄντος)
348 1999 501 2088 Ὀρξίνης
520 2000 558 2068 δὲ
577 2000 751 2088 ἐπεμέλετο
765 2003 824 2085 τῆς
838 2003 1019 2087 Περσίδος,
1038 1995 1078 2068 ού
1100 1997 1189 2087 πρδς

219 2097 439 2192 Ἀλεξάνδρου
465 2109 699 2184 κατασταθείς,
731 2098 804 2168 ἀλλ’
832 2096 882 2168 ὅτι
907 2096 971 2169 ούιι
997 2096 1189 2187 ἀπηξίωσεν

222 2201 328 2273 αύτδν
346 2205 382 2272 έν
396 2201 511 2294 κόσμῳ
525 2203 660 2291 Πέρσας
674 2199 875 2287 διαφυλάξαι
884 2199 1103 2292 Ἀλεξάνδρῳ,
1122 2199 1189 2270 ούιι

188 2333 203 2382 3
221 2303 318 2386 ὄντος
344 2301 449 2374 ἀλλον
468 2301 636 2394 ἀργοντος.
669 2294 756 2388 ἦλθε
774 2301 812 2370 δέ
831 2304 864 2382 ές
883 2301 1111 2391 Πασαργάδας
1129 2302 1189 2369 καὶ
1203 2348 1228 2387 ,,

219 2404 420 2495 Ἀτροπάτης
452 2399 471 2474 ὁ
499 2409 636 2494 Μηδίας
669 2401 858 2494 σατράπης,
889 2401 982 2489 ἀγων
1007 2402 1190 2492 Βαρυάξην

221 2506 330 2596 ἀνδρα
345 2511 469 2595 Μῆδον
487 2507 763 2594 συνειλημμένον,
782 2501 831 2573 ὄτι
848 2503 957 2593 ὀρθὴν
974 2504 1037 2590 τὴν
1053 2512 1190 2592 κίταριν

222 2609 443 2696 περιθέμενος
457 2609 594 2693 βασιλέα
609 2623 792 2695 προσεῖπεν
805 2603 910 2675 αύτόν
925 2608 1067 2696 Περσῶν
1081 2632 1117 2673 τε
1131 2606 1191 2674 καὶ

223 2709 367 2796 Μήδων,
384 2710 442 2777 καὶ
461 2709 525 2789 ξύν
543 2708 653 2800 τούτφ
671 2707 752 2787 τούς
770 2706 993 2795 μετασχόντας
1011 2704 1105 2798 αύτῷ
1123 2709 1188 2775 τοῦ

222 2814 444 2898 νεωτερισμοῦ
471 2836 506 2878 τε
532 2809 673 2895 καὶτῆς
700 2805 923 2889 ἀποστάσεως.
963 2806 1105 2888 τούτους
1122 2807 1191 2895 μέν
1206 2853 1234 2893 2⁵

222 2910 264 2998 δὴ
292 2907 485 2980 ἀπέκτεινεν
508 2905 736 2996 Ἀλέξανδρος.

190 3043 206 3090 4
298 3006 461 3099 Ἐλύπησε
479 3009 517 3079 δέ
535 3008 641 3078 αύτὸν
657 3003 678 3097 ἡ
697 3018 887 3098 παρανομία
905 3008 926 3098 ἡ
945 3012 978 3090 ές
991 3007 1051 3078 τάν
1065 3009 1192 3099 Κύρου
1281 3047 1282 3080 ι

224 3114 284 3184 τοῦ
312 3110 501 3201 Καμβύσου
533 3110 659 3196 τάφον,
694 3107 743 3180 ὅτι
775 3110 1045 3198 διορωρυγμένον
1068 3137 1105 3180 τε
1131 3111 1195 3181 καί
1281 3099 1282 3139 ³

226 3216 455 3303 σεσυλημένον
490 3215 650 3301 κατέλαβε
675 3214 735 3280 τοῦ
764 3209 882 3299 Κύρου
909 3213 970 3281 τὸν
992 3211 1113 3300 τάφον,
1144 3210 1195 3292 ὥς

227 3319 316 3401 λέγει
325 3314 589 3403 Ἀριστόβουλος
618 3311 703 3384 εἷναι
717 3312 781 3400 γάρ
796 3315 832 3380 έν
842 3311 1082 3402 Πασαργάδαις
1092 3316 1129 3382 έν
1144 3319 1196 3406 τῷ
1210 3359 1238 3399 ³0

226 3419 420 3506 παραδείσῳ
446 3420 492 3506 τῷ
512 3417 673 3506 βασιλικῷ
692 3413 810 3503 Κύρου
832 3416 961 3483 ἐκείνου
985 3414 1105 3501 τάφον,
1133 3416 1196 3484 καὶ

225 3516 305 3602 περὶ
331 3511 439 3583 αύτδν
457 3514 557 3595 ἀλσος
575 3522 808 3604 πεφυτεῦσθαι
831 3514 983 3606 δένδρων
1007 3521 1200 3605 παντοίων,
