<?xml version="1.0" encoding="UTF-8"?>
<!DOCTYPE html PUBLIC "-//W3C//DTD XHTML 1.0 Transitional//EN"
    "http://www.w3.org/TR/xhtml1/DTD/xhtml1-transitional.dtd">
<html xmlns="http://www.w3.org/1999/xhtml" xml:lang="en" lang="en">
 <head>
  <title>
</title>
<meta http-equiv="Content-Type" content="text/html;charset=utf-8" />
  <meta name='ocr-system' content='tesseract 3.04.00' />
  <meta name='ocr-capabilities' content='ocr_page ocr_carea ocr_par ocr_line ocrx_word'/>
</head>
<body>
  <div class='ocr_page' id='page_1' title='image "./arrianianabasis00abicgoog_0084.png"; bbox 0 0 2650 3948; ppageno 0'>
   <div class='ocr_carea' id='block_1_1' title="bbox 475 253 1100 322">
    <p class='ocr_par' dir='ltr' id='par_1_1' title="bbox 475 253 1100 322">
     <span class='ocr_line' id='line_1_1' title="bbox 475 253 1100 322; baseline 0 -16"><span class='ocrx_word' id='word_1_1' title='bbox 475 253 658 306; x_wconf 70' lang='grc' dir='ltr'><strong>ΔΝΑΒΑΣΙΣ</strong></span> <span class='ocrx_word' id='word_1_2' title='bbox 677 258 699 314; x_wconf 84' lang='lat'><strong><em>1,</em></strong></span> <span class='ocrx_word' id='word_1_3' title='bbox 719 257 751 306; x_wconf 78' lang='grc' dir='ltr'><strong><em>τε</em></strong></span> <span class='ocrx_word' id='word_1_4' title='bbox 1057 257 1100 322; x_wconf 84' lang='lat'><strong><em>53</em></strong></span> 
     </span>
    </p>
   </div>
   <div class='ocr_carea' id='block_1_2' title="bbox 100 389 1151 3618">
    <p class='ocr_par' dir='ltr' id='par_1_2' title="bbox 100 389 1151 3618">
     <span class='ocr_line' id='line_1_2' title="bbox 133 389 1099 485; baseline 0.002 -23"><span class='ocrx_word' id='word_1_5' title='bbox 133 419 240 481; x_wconf 91' lang='grc' dir='ltr'><strong><em>μενος</em></strong></span> <span class='ocrx_word' id='word_1_6' title='bbox 263 398 333 463; x_wconf 75' lang='grc' dir='ltr'><strong><em>τοῖν</em></strong></span> <span class='ocrx_word' id='word_1_7' title='bbox 356 393 555 482; x_wconf 78' lang='grc' dir='ltr'><em>φευγόντων</em></span> <span class='ocrx_word' id='word_1_8' title='bbox 580 391 644 480; x_wconf 76' lang='grc' dir='ltr'><strong><em>την</em></strong></span> <span class='ocrx_word' id='word_1_9' title='bbox 660 393 761 463; x_wconf 90' lang='grc' dir='ltr'><strong><em>πόλιν</em></strong></span> <span class='ocrx_word' id='word_1_10' title='bbox 778 389 892 464; x_wconf 76' lang='grc' dir='ltr'><strong><em>αὐτῶν</em></strong></span> <span class='ocrx_word' id='word_1_11' title='bbox 911 400 1002 485; x_wconf 86' lang='grc' dir='ltr'><strong><em>αίρεῖ</em></strong></span> <span class='ocrx_word' id='word_1_12' title='bbox 1015 394 1099 465; x_wconf 86' lang='grc' dir='ltr'><strong><em>κατά</em></strong></span> 
     </span>
     <span class='ocr_line' id='line_1_3' title="bbox 135 493 1101 587; baseline 0.005 -25"><span class='ocrx_word' id='word_1_13' title='bbox 135 493 270 581; x_wconf 89' lang='grc' dir='ltr'><strong><em>κράτος.</em></strong></span> <span class='ocrx_word' id='word_1_14' title='bbox 301 500 371 563; x_wconf 77' lang='grc' dir='ltr'><strong><em>ταῖν</em></strong></span> <span class='ocrx_word' id='word_1_15' title='bbox 384 495 423 563; x_wconf 73' lang='grc' dir='ltr'><strong><em>δὲ</em></strong></span> <span class='ocrx_word' id='word_1_16' title='bbox 440 493 504 577; x_wconf 81' lang='grc' dir='ltr'><strong><em>ξύν</em></strong></span> <span class='ocrx_word' id='word_1_17' title='bbox 520 493 612 587; x_wconf 76' lang='grc' dir='ltr'><strong><em>αύτῷ</em></strong></span> <span class='ocrx_word' id='word_1_18' title='bbox 627 496 820 583; x_wconf 84' lang='grc' dir='ltr'><strong><em>Κλέανδρός</em></strong></span> <span class='ocrx_word' id='word_1_19' title='bbox 836 523 872 566; x_wconf 90' lang='grc' dir='ltr'><strong><em>τε</em></strong></span> <span class='ocrx_word' id='word_1_20' title='bbox 885 494 903 566; x_wconf 92' lang='grc' dir='ltr'>ὁ</span> <span class='ocrx_word' id='word_1_21' title='bbox 918 497 1101 585; x_wconf 84' lang='grc' dir='ltr'><strong><em>στρατηγὸς</em></strong></span> 
     </span>
     <span class='ocr_line' id='line_1_4' title="bbox 135 593 1101 686; baseline 0.006 -24"><span class='ocrx_word' id='word_1_22' title='bbox 135 601 209 664; x_wconf 77' lang='grc' dir='ltr'><strong><em>τῶν</em></strong></span> <span class='ocrx_word' id='word_1_23' title='bbox 232 597 378 678; x_wconf 76' lang='grc' dir='ltr'><strong><em>τοξοτῶν</em></strong></span> <span class='ocrx_word' id='word_1_24' title='bbox 404 593 611 684; x_wconf 76' lang='grc' dir='ltr'><strong><em>ἀποθνήσκει</em></strong></span> <span class='ocrx_word' id='word_1_25' title='bbox 627 597 685 664; x_wconf 84' lang='grc' dir='ltr'><strong><em>καὶ</em></strong></span> <span class='ocrx_word' id='word_1_26' title='bbox 702 603 771 665; x_wconf 79' lang='grc' dir='ltr'><strong><em>τῶν</em></strong></span> <span class='ocrx_word' id='word_1_27' title='bbox 789 596 901 666; x_wconf 79' lang='grc' dir='ltr'><strong><em>ἄλλων</em></strong></span> <span class='ocrx_word' id='word_1_28' title='bbox 918 595 1004 686; x_wconf 79' lang='grc' dir='ltr'><strong><em>άμφί</em></strong></span> <span class='ocrx_word' id='word_1_29' title='bbox 1020 598 1101 679; x_wconf 89' lang='grc' dir='ltr'><strong><em>τούς</em></strong></span> 
     </span>
     <span class='ocr_line' id='line_1_5' title="bbox 137 693 1100 786; baseline 0.003 -22"><span class='ocrx_word' id='word_1_30' title='bbox 137 707 276 766; x_wconf 79' lang='grc' dir='ltr'><strong><em>εἴκοσιν.</em></strong></span> <span class='ocrx_word' id='word_1_31' title='bbox 319 693 536 786; x_wconf 82' lang='grc' dir='ltr'><strong><em>Ἀλέξανδρος</em></strong></span> <span class='ocrx_word' id='word_1_32' title='bbox 565 697 604 766; x_wconf 70' lang='grc' dir='ltr'><strong><em>δέ</em></strong></span> <span class='ocrx_word' id='word_1_33' title='bbox 634 698 689 766; x_wconf 79' lang='grc' dir='ltr'><strong><em>ἐπὶ</em></strong></span> <span class='ocrx_word' id='word_1_34' title='bbox 709 696 787 778; x_wconf 83' lang='grc' dir='ltr'><strong><em>τούς</em></strong></span> <span class='ocrx_word' id='word_1_35' title='bbox 810 695 932 779; x_wconf 75' lang='grc' dir='ltr'><strong><em>ἄλλους</em></strong></span> <span class='ocrx_word' id='word_1_36' title='bbox 957 705 1100 779; x_wconf 76' lang='grc' dir='ltr'><strong><em>Πισίδας</em></strong></span> 
     </span>
     <span class='ocr_line' id='line_1_6' title="bbox 109 787 1102 892; baseline 0.01 -28"><span class='ocrx_word' id='word_1_37' title='bbox 109 787 214 884; x_wconf 81' lang='grc' dir='ltr'><strong><em>εῆγε·</em></strong></span> <span class='ocrx_word' id='word_1_38' title='bbox 251 798 308 866; x_wconf 80' lang='grc' dir='ltr'><strong><em>καὶ</em></strong></span> <span class='ocrx_word' id='word_1_39' title='bbox 330 797 371 865; x_wconf 86' lang='grc' dir='ltr'><strong><em>τά</em></strong></span> <span class='ocrx_word' id='word_1_40' title='bbox 396 800 460 886; x_wconf 88' lang='grc' dir='ltr'><strong><em>μέν</em></strong></span> <span class='ocrx_word' id='word_1_41' title='bbox 484 827 557 866; x_wconf 89' lang='grc' dir='ltr'><strong><em>τινα</em></strong></span> <span class='ocrx_word' id='word_1_42' title='bbox 574 804 642 866; x_wconf 76' lang='grc' dir='ltr'><strong><em>τῶν</em></strong></span> <span class='ocrx_word' id='word_1_43' title='bbox 659 807 834 889; x_wconf 79' lang='grc' dir='ltr'><strong><em>φρουρίων</em></strong></span> <span class='ocrx_word' id='word_1_44' title='bbox 851 807 910 892; x_wconf 80' lang='grc' dir='ltr'><strong><em>βίη</em></strong></span> <span class='ocrx_word' id='word_1_45' title='bbox 928 803 1043 888; x_wconf 79' lang='grc' dir='ltr'><strong><em>ἐξεῖλε,</em></strong></span> <span class='ocrx_word' id='word_1_46' title='bbox 1060 798 1102 874; x_wconf 72' lang='grc' dir='ltr'><strong><em>τὰ</em></strong></span> 
     </span>
     <span class='ocr_line' id='line_1_7' title="bbox 137 896 614 988; baseline 0.002 -21"><span class='ocrx_word' id='word_1_47' title='bbox 137 899 179 968; x_wconf 72' lang='grc' dir='ltr'><strong><em>δέ</em></strong></span> <span class='ocrx_word' id='word_1_48' title='bbox 196 896 357 988; x_wconf 79' lang='grc' dir='ltr'><strong><em>ὁμολογίᾳ</em></strong></span> <span class='ocrx_word' id='word_1_49' title='bbox 375 899 614 988; x_wconf 90' lang='grc' dir='ltr'><strong><em>προσηγάγετο.</em></strong></span> 
     </span>
     <span class='ocr_line' id='line_1_8' title="bbox 214 998 1151 1092; baseline 0.005 -21"><span class='ocrx_word' id='word_1_50' title='bbox 214 998 393 1072; x_wconf 76' lang='grc' dir='ltr'><strong><em>Ἐντεῦθεν</em></strong></span> <span class='ocrx_word' id='word_1_51' title='bbox 420 1000 458 1070; x_wconf 76' lang='grc' dir='ltr'><strong><em>δὲ</em></strong></span> <span class='ocrx_word' id='word_1_52' title='bbox 476 999 528 1090; x_wconf 79' lang='grc' dir='ltr'><strong><em>ᾔει</em></strong></span> <span class='ocrx_word' id='word_1_53' title='bbox 546 1000 601 1069; x_wconf 83' lang='grc' dir='ltr'><strong><em>ἐπὶ</em></strong></span> <span class='ocrx_word' id='word_1_54' title='bbox 620 1007 771 1088; x_wconf 85' lang='grc' dir='ltr'><strong><em>Φρυγίας</em></strong></span> <span class='ocrx_word' id='word_1_55' title='bbox 789 1000 880 1092; x_wconf 82' lang='grc' dir='ltr'><strong><em>παρά</em></strong></span> <span class='ocrx_word' id='word_1_56' title='bbox 896 1001 959 1090; x_wconf 75' lang='grc' dir='ltr'><strong><em>τὴν</em></strong></span> <span class='ocrx_word' id='word_1_57' title='bbox 977 1011 1099 1090; x_wconf 84' lang='grc' dir='ltr'><strong><em>λίμνην</em></strong></span> <span class='ocrx_word' id='word_1_58' title='bbox 1107 1010 1151 1078; x_wconf 81' lang='lat'><strong><em>29</em></strong></span> 
     </span>
     <span class='ocr_line' id='line_1_9' title="bbox 138 1093 1100 1192; baseline 0 -20"><span class='ocrx_word' id='word_1_59' title='bbox 138 1093 164 1192; x_wconf 79' lang='grc' dir='ltr'><em>ᾗ</em></span> <span class='ocrx_word' id='word_1_60' title='bbox 189 1100 297 1190; x_wconf 84' lang='grc' dir='ltr'><strong><em>ὄνομα</em></strong></span> <span class='ocrx_word' id='word_1_61' title='bbox 312 1100 488 1190; x_wconf 85' lang='grc' dir='ltr'><strong><em>Ἀσκανία,</em></strong></span> <span class='ocrx_word' id='word_1_62' title='bbox 515 1104 551 1170; x_wconf 87' lang='grc' dir='ltr'><strong><em>έν</em></strong></span> <span class='ocrx_word' id='word_1_63' title='bbox 569 1095 593 1191; x_wconf 77' lang='grc' dir='ltr'><em>ᾗ</em></span> <span class='ocrx_word' id='word_1_64' title='bbox 611 1100 688 1182; x_wconf 79' lang='grc' dir='ltr'><strong><em>ἅλες</em></strong></span> <span class='ocrx_word' id='word_1_65' title='bbox 706 1101 892 1188; x_wconf 83' lang='grc' dir='ltr'><strong><em>πήγνυνται</em></strong></span> <span class='ocrx_word' id='word_1_66' title='bbox 909 1103 1100 1192; x_wconf 78' lang='grc' dir='ltr'><strong><em>αὐτόματοι,</em></strong></span> 
     </span>
     <span class='ocr_line' id='line_1_10' title="bbox 137 1199 1101 1292; baseline 0.002 -20"><span class='ocrx_word' id='word_1_67' title='bbox 137 1204 197 1272; x_wconf 80' lang='grc' dir='ltr'><strong><em>καὶ</em></strong></span> <span class='ocrx_word' id='word_1_68' title='bbox 220 1202 350 1282; x_wconf 84' lang='grc' dir='ltr'><strong><em>τούτοις</em></strong></span> <span class='ocrx_word' id='word_1_69' title='bbox 373 1209 519 1292; x_wconf 76' lang='grc' dir='ltr'><strong><em>χρῶνται</em></strong></span> <span class='ocrx_word' id='word_1_70' title='bbox 543 1206 579 1272; x_wconf 79' lang='grc' dir='ltr'><strong><em>οἱ</em></strong></span> <span class='ocrx_word' id='word_1_71' title='bbox 599 1202 765 1290; x_wconf 80' lang='grc' dir='ltr'><strong><em>έπιχύριοι</em></strong></span> <span class='ocrx_word' id='word_1_72' title='bbox 782 1199 865 1273; x_wconf 72' lang='grc' dir='ltr'><strong><em>ούδέ</em></strong></span> <span class='ocrx_word' id='word_1_73' title='bbox 880 1205 1052 1292; x_wconf 75' lang='grc' dir='ltr'><strong><em>θαλάσσης</em></strong></span> <span class='ocrx_word' id='word_1_74' title='bbox 1069 1233 1101 1274; x_wconf 91' lang='grc' dir='ltr'><strong><em>τι</em></strong></span> 
     </span>
     <span class='ocr_line' id='line_1_11' title="bbox 100 1300 1101 1396; baseline 0.003 -25"><span class='ocrx_word' id='word_1_75' title='bbox 100 1333 125 1372; x_wconf 85' lang='grc' dir='ltr'><strong><em>ιο</em></strong></span> <span class='ocrx_word' id='word_1_76' title='bbox 141 1305 198 1374; x_wconf 76' lang='grc' dir='ltr'><strong><em>ἐπὶ</em></strong></span> <span class='ocrx_word' id='word_1_77' title='bbox 215 1303 323 1396; x_wconf 87' lang='grc' dir='ltr'><strong><em>τούτφ</em></strong></span> <span class='ocrx_word' id='word_1_78' title='bbox 341 1305 488 1374; x_wconf 86' lang='grc' dir='ltr'><strong><em>δέονται·</em></strong></span> <span class='ocrx_word' id='word_1_79' title='bbox 515 1305 572 1372; x_wconf 83' lang='grc' dir='ltr'><strong><em>καὶ</em></strong></span> <span class='ocrx_word' id='word_1_80' title='bbox 585 1300 772 1393; x_wconf 90' lang='grc' dir='ltr'><strong><em>άφικνεῖται</em></strong></span> <span class='ocrx_word' id='word_1_81' title='bbox 786 1307 818 1385; x_wconf 87' lang='grc' dir='ltr'><strong><em>ές</em></strong></span> <span class='ocrx_word' id='word_1_82' title='bbox 832 1305 999 1386; x_wconf 84' lang='grc' dir='ltr'><strong><em>Κελαινάς</em></strong></span> <span class='ocrx_word' id='word_1_83' title='bbox 1017 1332 1101 1394; x_wconf 83' lang='grc' dir='ltr'><strong><em>πεμ-</em></strong></span> 
     </span>
     <span class='ocr_line' id='line_1_12' title="bbox 139 1399 1099 1495; baseline 0.001 -21"><span class='ocrx_word' id='word_1_84' title='bbox 139 1420 268 1484; x_wconf 88' lang='grc' dir='ltr'><strong><em>πταῖος.</em></strong></span> <span class='ocrx_word' id='word_1_85' title='bbox 305 1408 341 1474; x_wconf 80' lang='grc' dir='ltr'><strong><em>έν</em></strong></span> <span class='ocrx_word' id='word_1_86' title='bbox 366 1405 403 1474; x_wconf 72' lang='grc' dir='ltr'><strong><em>δὲ</em></strong></span> <span class='ocrx_word' id='word_1_87' title='bbox 426 1420 500 1484; x_wconf 90' lang='grc' dir='ltr'><strong><em>ταῖς</em></strong></span> <span class='ocrx_word' id='word_1_88' title='bbox 517 1414 698 1485; x_wconf 80' lang='grc' dir='ltr'><strong><em>Κελαιναῖς</em></strong></span> <span class='ocrx_word' id='word_1_89' title='bbox 722 1402 809 1495; x_wconf 83' lang='grc' dir='ltr'><strong><em>άκρα</em></strong></span> <span class='ocrx_word' id='word_1_90' title='bbox 825 1399 869 1494; x_wconf 79' lang='grc' dir='ltr'><strong><em>ἦν</em></strong></span> <span class='ocrx_word' id='word_1_91' title='bbox 886 1407 994 1494; x_wconf 92' lang='grc' dir='ltr'><strong><em>πάντη</em></strong></span> <span class='ocrx_word' id='word_1_92' title='bbox 1012 1404 1099 1476; x_wconf 62' lang='grc' dir='ltr'><strong><em>άπό«</em></strong></span> 
     </span>
     <span class='ocr_line' id='line_1_13' title="bbox 139 1505 1099 1596; baseline 0 -20"><span class='ocrx_word' id='word_1_93' title='bbox 139 1534 252 1596; x_wconf 89' lang='grc' dir='ltr'><strong><em>τομος,</em></strong></span> <span class='ocrx_word' id='word_1_94' title='bbox 269 1507 326 1575; x_wconf 76' lang='grc' dir='ltr'><strong><em>καί</em></strong></span> <span class='ocrx_word' id='word_1_95' title='bbox 342 1507 469 1594; x_wconf 92' lang='grc' dir='ltr'><strong><em>ταύτην</em></strong></span> <span class='ocrx_word' id='word_1_96' title='bbox 486 1505 619 1595; x_wconf 73' lang='grc' dir='ltr'><strong><em>φυλακὴ</em></strong></span> <span class='ocrx_word' id='word_1_97' title='bbox 638 1521 789 1595; x_wconf 82' lang='grc' dir='ltr'><strong><em>κατεῖχεν</em></strong></span> <span class='ocrx_word' id='word_1_98' title='bbox 803 1510 839 1576; x_wconf 82' lang='grc' dir='ltr'><strong><em>ἐκ</em></strong></span> <span class='ocrx_word' id='word_1_99' title='bbox 852 1512 912 1576; x_wconf 81' lang='grc' dir='ltr'><strong><em>ταῦ</em></strong></span> <span class='ocrx_word' id='word_1_100' title='bbox 928 1507 1099 1596; x_wconf 78' lang='grc' dir='ltr'><strong><em>σατράπου</em></strong></span> 
     </span>
     <span class='ocr_line' id='line_1_14' title="bbox 139 1607 1099 1697; baseline -0.002 -19"><span class='ocrx_word' id='word_1_101' title='bbox 139 1614 200 1696; x_wconf 84' lang='grc' dir='ltr'><strong><em>τῆς</em></strong></span> <span class='ocrx_word' id='word_1_102' title='bbox 220 1614 372 1696; x_wconf 83' lang='grc' dir='ltr'><strong><em>Φρυγίας</em></strong></span> <span class='ocrx_word' id='word_1_103' title='bbox 389 1614 501 1696; x_wconf 80' lang='grc' dir='ltr'><strong><em>Κᾶρες</em></strong></span> <span class='ocrx_word' id='word_1_104' title='bbox 524 1608 587 1696; x_wconf 72' lang='grc' dir='ltr'><strong><em>μὲν</em></strong></span> <span class='ocrx_word' id='word_1_105' title='bbox 611 1615 726 1696; x_wconf 82' lang='grc' dir='ltr'><strong><em>χίλιοι,</em></strong></span> <span class='ocrx_word' id='word_1_106' title='bbox 748 1607 905 1696; x_wconf 84' lang='grc' dir='ltr'><strong><em>Ἕλληνες</em></strong></span> <span class='ocrx_word' id='word_1_107' title='bbox 924 1608 962 1677; x_wconf 74' lang='grc' dir='ltr'><strong><em>δέ</em></strong></span> <span class='ocrx_word' id='word_1_108' title='bbox 978 1618 1099 1697; x_wconf 87' lang='grc' dir='ltr'><strong><em>μισθο-</em></strong></span> 
     </span>
     <span class='ocr_line' id='line_1_15' title="bbox 140 1701 1133 1798; baseline -0.005 -19"><span class='ocrx_word' id='word_1_109' title='bbox 140 1710 241 1798; x_wconf 81' lang='grc' dir='ltr'><strong><em>φόροι</em></strong></span> <span class='ocrx_word' id='word_1_110' title='bbox 272 1709 398 1778; x_wconf 86' lang='grc' dir='ltr'><strong><em>έκατόν.</em></strong></span> <span class='ocrx_word' id='word_1_111' title='bbox 441 1710 496 1778; x_wconf 85' lang='grc' dir='ltr'><strong><em>καὶ</em></strong></span> <span class='ocrx_word' id='word_1_112' title='bbox 522 1701 613 1777; x_wconf 81' lang='grc' dir='ltr'><strong><em>οὗτοι</em></strong></span> <span class='ocrx_word' id='word_1_113' title='bbox 638 1709 879 1796; x_wconf 80' lang='grc' dir='ltr'><strong><em>πρεσβεύονται</em></strong></span> <span class='ocrx_word' id='word_1_114' title='bbox 901 1707 980 1796; x_wconf 87' lang='grc' dir='ltr'><strong><em>παρ’</em></strong></span> <span class='ocrx_word' id='word_1_115' title='bbox 1004 1706 1133 1779; x_wconf 61' lang='lat' dir='ltr'><em>’Au-2</em></span> 
     </span>
     <span class='ocr_line' id='line_1_16' title="bbox 103 1807 1099 1900; baseline 0.002 -23"><span class='ocrx_word' id='word_1_116' title='bbox 103 1839 127 1878; x_wconf 80' lang='grc' dir='ltr'><strong><em>ιε</em></strong></span> <span class='ocrx_word' id='word_1_117' title='bbox 141 1814 300 1900; x_wconf 82' lang='grc' dir='ltr'><strong><em>ξανδρον,</em></strong></span> <span class='ocrx_word' id='word_1_118' title='bbox 319 1808 608 1898; x_wconf 83' lang='grc' dir='ltr'><strong><em>ἐπαγγελλόμενοι,</em></strong></span> <span class='ocrx_word' id='word_1_119' title='bbox 630 1815 662 1877; x_wconf 87' lang='grc' dir='ltr'><strong><em>εί</em></strong></span> <span class='ocrx_word' id='word_1_120' title='bbox 676 1809 722 1898; x_wconf 78' lang='grc' dir='ltr'><strong><em>μὴ</em></strong></span> <span class='ocrx_word' id='word_1_121' title='bbox 740 1807 892 1897; x_wconf 84' lang='grc' dir='ltr'><strong><em>ἀφίκοιτό</em></strong></span> <span class='ocrx_word' id='word_1_122' title='bbox 909 1831 1002 1898; x_wconf 92' lang='grc' dir='ltr'><strong><em>σφισι</em></strong></span> <span class='ocrx_word' id='word_1_123' title='bbox 1018 1811 1099 1898; x_wconf 84' lang='grc' dir='ltr'><strong><em>βοή-</em></strong></span> 
     </span>
     <span class='ocr_line' id='line_1_17' title="bbox 140 1903 1099 2002; baseline 0 -22"><span class='ocrx_word' id='word_1_124' title='bbox 140 1922 218 1981; x_wconf 89' lang='grc' dir='ltr'><strong><em>θεια</em></strong></span> <span class='ocrx_word' id='word_1_125' title='bbox 242 1914 279 1980; x_wconf 85' lang='grc' dir='ltr'><strong><em>έν</em></strong></span> <span class='ocrx_word' id='word_1_126' title='bbox 302 1909 409 2002; x_wconf 81' lang='grc' dir='ltr'><strong><em>ἡμέρᾳ</em></strong></span> <span class='ocrx_word' id='word_1_127' title='bbox 427 1903 450 2000; x_wconf 75' lang='grc' dir='ltr'><strong><em>ᾖ</em></strong></span> <span class='ocrx_word' id='word_1_128' title='bbox 467 1912 650 1996; x_wconf 80' lang='grc' dir='ltr'><strong><em>ξυνέκειτο,</em></strong></span> <span class='ocrx_word' id='word_1_129' title='bbox 677 1909 866 1999; x_wconf 87' lang='grc' dir='ltr'><strong><em>φράσαντες</em></strong></span> <span class='ocrx_word' id='word_1_130' title='bbox 881 1910 943 1999; x_wconf 79' lang='grc' dir='ltr'><strong><em>τὴν</em></strong></span> <span class='ocrx_word' id='word_1_131' title='bbox 960 1909 1099 2001; x_wconf 80' lang='grc' dir='ltr'><strong><em>ἡμέραν,</em></strong></span> 
     </span>
     <span class='ocr_line' id='line_1_18' title="bbox 141 2010 1100 2101; baseline 0 -19"><span class='ocrx_word' id='word_1_132' title='bbox 141 2012 192 2082; x_wconf 81' lang='grc' dir='ltr'><strong><em>ὅτι</em></strong></span> <span class='ocrx_word' id='word_1_133' title='bbox 216 2012 454 2099; x_wconf 78' lang='grc' dir='ltr'><strong><em>παραδώσουσι</em></strong></span> <span class='ocrx_word' id='word_1_134' title='bbox 476 2010 513 2080; x_wconf 84' lang='grc' dir='ltr'><strong><em>τό</em></strong></span> <span class='ocrx_word' id='word_1_135' title='bbox 536 2018 669 2101; x_wconf 84' lang='grc' dir='ltr'><strong><em>χωρίον.</em></strong></span> <span class='ocrx_word' id='word_1_136' title='bbox 704 2013 761 2080; x_wconf 81' lang='grc' dir='ltr'><strong><em>καί</em></strong></span> <span class='ocrx_word' id='word_1_137' title='bbox 778 2016 871 2094; x_wconf 81' lang='grc' dir='ltr'><strong><em>ἔδοξε</em></strong></span> <span class='ocrx_word' id='word_1_138' title='bbox 887 2017 993 2081; x_wconf 81' lang='grc' dir='ltr'><strong><em>ταῦτα</em></strong></span> <span class='ocrx_word' id='word_1_139' title='bbox 1007 2011 1100 2082; x_wconf 85' lang='grc' dir='ltr'><strong><em>Ἀλε-</em></strong></span> 
     </span>
     <span class='ocr_line' id='line_1_19' title="bbox 141 2110 1100 2206; baseline 0 -24"><span class='ocrx_word' id='word_1_140' title='bbox 141 2113 274 2206; x_wconf 84' lang='grc' dir='ltr'><strong><em>ξάνδρφ</em></strong></span> <span class='ocrx_word' id='word_1_141' title='bbox 306 2111 539 2201; x_wconf 80' lang='grc' dir='ltr'><strong><em>άφελιμάιερα</em></strong></span> <span class='ocrx_word' id='word_1_142' title='bbox 568 2110 589 2200; x_wconf 82' lang='grc' dir='ltr'><strong><em>ἢ</em></strong></span> <span class='ocrx_word' id='word_1_143' title='bbox 618 2121 808 2200; x_wconf 75' lang='grc' dir='ltr'><strong><em>πολιορκεῖν</em></strong></span> <span class='ocrx_word' id='word_1_144' title='bbox 838 2112 967 2203; x_wconf 79' lang='grc' dir='ltr'><strong><em>ἄπορον</em></strong></span> <span class='ocrx_word' id='word_1_145' title='bbox 992 2113 1100 2201; x_wconf 85' lang='grc' dir='ltr'><strong><em>πάντη</em></strong></span> 
     </span>
     <span class='ocr_line' id='line_1_20' title="bbox 142 2211 1133 2303; baseline -0.004 -20"><span class='ocrx_word' id='word_1_146' title='bbox 142 2216 393 2303; x_wconf 79' lang='grc' dir='ltr'><strong><em>προσφέρεσθαι</em></strong></span> <span class='ocrx_word' id='word_1_147' title='bbox 409 2213 470 2302; x_wconf 76' lang='grc' dir='ltr'><strong><em>τὴν</em></strong></span> <span class='ocrx_word' id='word_1_148' title='bbox 488 2211 606 2303; x_wconf 85' lang='grc' dir='ltr'><strong><em>ἄκραν.</em></strong></span> <span class='ocrx_word' id='word_1_149' title='bbox 645 2213 729 2302; x_wconf 86' lang='grc' dir='ltr'><strong><em>πρός</em></strong></span> <span class='ocrx_word' id='word_1_150' title='bbox 746 2213 808 2303; x_wconf 75' lang='grc' dir='ltr'><strong><em>μὲν</em></strong></span> <span class='ocrx_word' id='word_1_151' title='bbox 825 2214 867 2301; x_wconf 80' lang='grc' dir='ltr'><strong><em>δὴ</em></strong></span> <span class='ocrx_word' id='word_1_152' title='bbox 885 2229 957 2295; x_wconf 89' lang='grc' dir='ltr'><strong><em>ταῖς</em></strong></span> <span class='ocrx_word' id='word_1_153' title='bbox 974 2223 1096 2285; x_wconf 88' lang='grc' dir='ltr'><strong><em>Κελαι-</em></strong></span> <span class='ocrx_word' id='word_1_154' title='bbox 1116 2227 1133 2279; x_wconf 81' lang='lat'>³</span> 
     </span>
     <span class='ocr_line' id='line_1_21' title="bbox 103 2315 1100 2404; baseline -0.004 -18"><span class='ocrx_word' id='word_1_155' title='bbox 103 2347 129 2386; x_wconf 81' lang='grc' dir='ltr'><strong><em>εο</em></strong></span> <span class='ocrx_word' id='word_1_156' title='bbox 141 2331 219 2396; x_wconf 89' lang='grc' dir='ltr'><strong><em>ναῖς</em></strong></span> <span class='ocrx_word' id='word_1_157' title='bbox 242 2315 399 2403; x_wconf 79' lang='grc' dir='ltr'><strong><em>φυλακην</em></strong></span> <span class='ocrx_word' id='word_1_158' title='bbox 422 2323 610 2384; x_wconf 89' lang='grc' dir='ltr'><strong><em>καταλείπει</em></strong></span> <span class='ocrx_word' id='word_1_159' title='bbox 633 2315 833 2403; x_wconf 75' lang='grc' dir='ltr'><strong><em>στρατιώτας</em></strong></span> <span class='ocrx_word' id='word_1_160' title='bbox 851 2319 884 2396; x_wconf 86' lang='grc' dir='ltr'><strong><em>ές</em></strong></span> <span class='ocrx_word' id='word_1_161' title='bbox 901 2323 1027 2404; x_wconf 83' lang='grc' dir='ltr'><strong><em>χιλίους</em></strong></span> <span class='ocrx_word' id='word_1_162' title='bbox 1043 2317 1100 2383; x_wconf 77' lang='grc' dir='ltr'><strong><em>καὶ</em></strong></span> 
     </span>
     <span class='ocr_line' id='line_1_22' title="bbox 142 2411 1100 2506; baseline -0.003 -19"><span class='ocrx_word' id='word_1_163' title='bbox 142 2423 391 2497; x_wconf 89' lang='grc' dir='ltr'><strong><em>πεντακοσίους.</em></strong></span> <span class='ocrx_word' id='word_1_164' title='bbox 430 2425 547 2505; x_wconf 87' lang='grc' dir='ltr'><strong><em>μείνας</em></strong></span> <span class='ocrx_word' id='word_1_165' title='bbox 579 2415 617 2486; x_wconf 70' lang='grc' dir='ltr'><strong><em>δὲ</em></strong></span> <span class='ocrx_word' id='word_1_166' title='bbox 648 2415 755 2485; x_wconf 81' lang='grc' dir='ltr'><strong><em>αὐτοῦ</em></strong></span> <span class='ocrx_word' id='word_1_167' title='bbox 786 2411 910 2506; x_wconf 82' lang='grc' dir='ltr'><strong><em>ἡμέρας</em></strong></span> <span class='ocrx_word' id='word_1_168' title='bbox 938 2418 1018 2484; x_wconf 91' lang='grc' dir='ltr'><strong><em>δέκα</em></strong></span> <span class='ocrx_word' id='word_1_169' title='bbox 1044 2418 1100 2484; x_wconf 80' lang='grc' dir='ltr'><strong><em>καὶ</em></strong></span> 
     </span>
     <span class='ocr_line' id='line_1_23' title="bbox 142 2515 1099 2606; baseline -0.004 -18"><span class='ocrx_word' id='word_1_170' title='bbox 142 2516 314 2605; x_wconf 90' lang='grc' dir='ltr'><strong><em>σατράπην</em></strong></span> <span class='ocrx_word' id='word_1_171' title='bbox 332 2516 510 2600; x_wconf 78' lang='grc' dir='ltr'><strong><em>ἀποδείξας</em></strong></span> <span class='ocrx_word' id='word_1_172' title='bbox 525 2524 676 2606; x_wconf 88' lang='grc' dir='ltr'><strong><em>Φρυγίας</em></strong></span> <span class='ocrx_word' id='word_1_173' title='bbox 691 2515 885 2603; x_wconf 88' lang='grc' dir='ltr'><strong><em>Ἀντίγονον</em></strong></span> <span class='ocrx_word' id='word_1_174' title='bbox 897 2516 961 2586; x_wconf 83' lang='grc' dir='ltr'><strong><em>τόν</em></strong></span> <span class='ocrx_word' id='word_1_175' title='bbox 976 2523 1099 2588; x_wconf 89' lang='grc' dir='ltr'><strong><em>Φιλίπ-</em></strong></span> 
     </span>
     <span class='ocr_line' id='line_1_24' title="bbox 141 2615 1100 2706; baseline -0.003 -17"><span class='ocrx_word' id='word_1_176' title='bbox 141 2647 220 2706; x_wconf 90' lang='grc' dir='ltr'><strong><em>που,</em></strong></span> <span class='ocrx_word' id='word_1_177' title='bbox 241 2620 296 2688; x_wconf 79' lang='grc' dir='ltr'><strong><em>ἐπὶ</em></strong></span> <span class='ocrx_word' id='word_1_178' title='bbox 313 2618 350 2688; x_wconf 71' lang='grc' dir='ltr'><strong><em>δέ</em></strong></span> <span class='ocrx_word' id='word_1_179' title='bbox 367 2616 447 2698; x_wconf 87' lang='grc' dir='ltr'><strong><em>τούς</em></strong></span> <span class='ocrx_word' id='word_1_180' title='bbox 464 2617 658 2706; x_wconf 87' lang='grc' dir='ltr'><strong><em>συμμάχους</em></strong></span> <span class='ocrx_word' id='word_1_181' title='bbox 675 2615 750 2686; x_wconf 75' lang='grc' dir='ltr'><strong><em>ἄντ’</em></strong></span> <span class='ocrx_word' id='word_1_182' title='bbox 770 2621 900 2687; x_wconf 82' lang='grc' dir='ltr'><strong><em>ἐκείνου</em></strong></span> <span class='ocrx_word' id='word_1_183' title='bbox 914 2618 1100 2706; x_wconf 87' lang='grc' dir='ltr'><strong><em>στρατηγόν</em></strong></span> 
     </span>
     <span class='ocr_line' id='line_1_25' title="bbox 141 2714 1099 2809; baseline -0.005 -16"><span class='ocrx_word' id='word_1_184' title='bbox 141 2721 319 2809; x_wconf 87' lang='grc' dir='ltr'><strong><em>Βάλακρον</em></strong></span> <span class='ocrx_word' id='word_1_185' title='bbox 331 2718 391 2789; x_wconf 85' lang='grc' dir='ltr'><strong><em>τόν</em></strong></span> <span class='ocrx_word' id='word_1_186' title='bbox 405 2717 572 2808; x_wconf 76' lang='grc' dir='ltr'><strong><em>Ἀμύντου</em></strong></span> <span class='ocrx_word' id='word_1_187' title='bbox 587 2718 748 2804; x_wconf 80' lang='grc' dir='ltr'><strong><em>ἐπιτάξας,</em></strong></span> <span class='ocrx_word' id='word_1_188' title='bbox 767 2714 868 2800; x_wconf 89' lang='grc' dir='ltr'><strong><em>αύτός</em></strong></span> <span class='ocrx_word' id='word_1_189' title='bbox 884 2720 939 2788; x_wconf 80' lang='grc' dir='ltr'><strong><em>ἐπὶ</em></strong></span> <span class='ocrx_word' id='word_1_190' title='bbox 952 2726 1099 2809; x_wconf 90' lang='grc' dir='ltr'><strong><em>Γορδίου</em></strong></span> 
     </span>
     <span class='ocr_line' id='line_1_26' title="bbox 105 2819 1099 2910; baseline -0.004 -17"><span class='ocrx_word' id='word_1_191' title='bbox 105 2852 129 2893; x_wconf 79' lang='grc' dir='ltr'><strong><em>ιε</em></strong></span> <span class='ocrx_word' id='word_1_192' title='bbox 144 2824 320 2892; x_wconf 80' lang='grc' dir='ltr'><strong><em>ἐστέλλετο.</em></strong></span> <span class='ocrx_word' id='word_1_193' title='bbox 355 2821 411 2889; x_wconf 83' lang='grc' dir='ltr'><strong><em>καὶ</em></strong></span> <span class='ocrx_word' id='word_1_194' title='bbox 428 2826 643 2908; x_wconf 83' lang='grc' dir='ltr'><strong><em>Παρμενίωνι</em></strong></span> <span class='ocrx_word' id='word_1_195' title='bbox 661 2822 864 2908; x_wconf 82' lang='grc' dir='ltr'><strong><em>ἐπέστειλεν,</em></strong></span> <span class='ocrx_word' id='word_1_196' title='bbox 889 2819 1014 2907; x_wconf 81' lang='grc' dir='ltr'><strong><em>ἄγοντα</em></strong></span> <span class='ocrx_word' id='word_1_197' title='bbox 1031 2821 1099 2910; x_wconf 79' lang='grc' dir='ltr'><strong><em>ἅμα</em></strong></span> 
     </span>
     <span class='ocr_line' id='line_1_27' title="bbox 143 2918 1099 3012; baseline -0.002 -19"><span class='ocrx_word' id='word_1_198' title='bbox 143 2920 179 2993; x_wconf 81' lang='grc' dir='ltr'><strong><em>οἷ</em></strong></span> <span class='ocrx_word' id='word_1_199' title='bbox 192 2923 256 3010; x_wconf 77' lang='grc' dir='ltr'><strong><em>τὴν</em></strong></span> <span class='ocrx_word' id='word_1_200' title='bbox 274 2921 419 3010; x_wconf 89' lang='grc' dir='ltr'><strong><em>δύναμιν</em></strong></span> <span class='ocrx_word' id='word_1_201' title='bbox 434 2925 539 2990; x_wconf 81' lang='grc' dir='ltr'><strong><em>ἐκεῖσε</em></strong></span> <span class='ocrx_word' id='word_1_202' title='bbox 552 2918 720 2988; x_wconf 84' lang='grc' dir='ltr'><strong><em>άπαντάν·</em></strong></span> <span class='ocrx_word' id='word_1_203' title='bbox 755 2922 811 2990; x_wconf 79' lang='grc' dir='ltr'><strong><em>καί</em></strong></span> <span class='ocrx_word' id='word_1_204' title='bbox 828 2919 958 3009; x_wconf 81' lang='grc' dir='ltr'><strong><em>άπήντα</em></strong></span> <span class='ocrx_word' id='word_1_205' title='bbox 976 2922 1039 3002; x_wconf 86' lang='grc' dir='ltr'><strong><em>ξύν</em></strong></span> <span class='ocrx_word' id='word_1_206' title='bbox 1056 2927 1099 3012; x_wconf 78' lang='grc' dir='ltr'><strong><em>τῇ</em></strong></span> 
     </span>
     <span class='ocr_line' id='line_1_28' title="bbox 143 3021 1134 3112; baseline -0.008 -18"><span class='ocrx_word' id='word_1_207' title='bbox 143 3024 284 3112; x_wconf 90' lang='grc' dir='ltr'><strong><em>δυνάμει</em></strong></span> <span class='ocrx_word' id='word_1_208' title='bbox 291 3029 505 3110; x_wconf 79' lang='grc' dir='ltr'><strong><em>Παρμενίων.</em></strong></span> <span class='ocrx_word' id='word_1_209' title='bbox 531 3023 588 3089; x_wconf 77' lang='grc' dir='ltr'><strong><em>καὶ</em></strong></span> <span class='ocrx_word' id='word_1_210' title='bbox 601 3026 637 3090; x_wconf 88' lang='grc' dir='ltr'><strong><em>οί</em></strong></span> <span class='ocrx_word' id='word_1_211' title='bbox 646 3021 802 3110; x_wconf 90' lang='grc' dir='ltr'><strong><em>νεόγαμοι</em></strong></span> <span class='ocrx_word' id='word_1_212' title='bbox 815 3023 853 3091; x_wconf 70' lang='grc' dir='ltr'><strong><em>δὲ</em></strong></span> <span class='ocrx_word' id='word_1_213' title='bbox 867 3027 902 3092; x_wconf 88' lang='grc' dir='ltr'><strong><em>οί</em></strong></span> <span class='ocrx_word' id='word_1_214' title='bbox 913 3024 967 3092; x_wconf 81' lang='grc' dir='ltr'><strong><em>ἐπὶ</em></strong></span> <span class='ocrx_word' id='word_1_215' title='bbox 981 3033 1098 3094; x_wconf 87' lang='grc' dir='ltr'><strong><em>Μακε-</em></strong></span> <span class='ocrx_word' id='word_1_216' title='bbox 1116 3035 1134 3086; x_wconf 75' lang='lat'><em>4</em></span> 
     </span>
     <span class='ocr_line' id='line_1_29' title="bbox 143 3115 1099 3211; baseline -0.002 -17"><span class='ocrx_word' id='word_1_217' title='bbox 143 3131 256 3205; x_wconf 89' lang='grc' dir='ltr'><strong><em>δονίας</em></strong></span> <span class='ocrx_word' id='word_1_218' title='bbox 280 3125 452 3204; x_wconf 88' lang='grc' dir='ltr'><strong><em>σταλέντες</em></strong></span> <span class='ocrx_word' id='word_1_219' title='bbox 477 3128 526 3202; x_wconf 89' lang='grc' dir='ltr'><strong><em>είς</em></strong></span> <span class='ocrx_word' id='word_1_220' title='bbox 544 3123 688 3211; x_wconf 90' lang='grc' dir='ltr'><strong><em>Γόρδιον</em></strong></span> <span class='ocrx_word' id='word_1_221' title='bbox 710 3115 794 3210; x_wconf 82' lang='grc' dir='ltr'><strong><em>ἧκον</em></strong></span> <span class='ocrx_word' id='word_1_222' title='bbox 817 3125 874 3193; x_wconf 80' lang='grc' dir='ltr'><strong><em>καὶ</em></strong></span> <span class='ocrx_word' id='word_1_223' title='bbox 897 3124 961 3207; x_wconf 88' lang='grc' dir='ltr'><strong><em>ξύν</em></strong></span> <span class='ocrx_word' id='word_1_224' title='bbox 985 3120 1099 3206; x_wconf 79' lang='grc' dir='ltr'><strong><em>αὐτοῖς</em></strong></span> 
     </span>
     <span class='ocr_line' id='line_1_30' title="bbox 143 3217 1097 3313; baseline 0 -19"><span class='ocrx_word' id='word_1_225' title='bbox 143 3225 226 3313; x_wconf 87' lang='grc' dir='ltr'><strong><em>άλλη</em></strong></span> <span class='ocrx_word' id='word_1_226' title='bbox 245 3224 380 3313; x_wconf 86' lang='grc' dir='ltr'><strong><em>στρατιά</em></strong></span> <span class='ocrx_word' id='word_1_227' title='bbox 397 3233 650 3311; x_wconf 79' lang='grc' dir='ltr'><strong><em>καταλεχθεῖσα,</em></strong></span> <span class='ocrx_word' id='word_1_228' title='bbox 668 3221 711 3311; x_wconf 79' lang='grc' dir='ltr'><strong><em>ἣν</em></strong></span> <span class='ocrx_word' id='word_1_229' title='bbox 728 3217 789 3312; x_wconf 81' lang='grc' dir='ltr'><strong><em>ἦγε</em></strong></span> <span class='ocrx_word' id='word_1_230' title='bbox 803 3225 1009 3313; x_wconf 86' lang='grc' dir='ltr'><strong><em>Πτολεμαῖός</em></strong></span> <span class='ocrx_word' id='word_1_231' title='bbox 1026 3253 1062 3294; x_wconf 89' lang='grc' dir='ltr'><strong><em>τε</em></strong></span> <span class='ocrx_word' id='word_1_232' title='bbox 1079 3223 1097 3294; x_wconf 87' lang='grc' dir='ltr'><strong><em>ό</em></strong></span> 
     </span>
     <span class='ocr_line' id='line_1_31' title="bbox 107 3323 1099 3414; baseline -0.002 -18"><span class='ocrx_word' id='word_1_233' title='bbox 107 3327 313 3398; x_wconf 86' lang='grc' dir='ltr'><strong><em>ιιΣελεύκου</em></strong></span> <span class='ocrx_word' id='word_1_234' title='bbox 337 3327 394 3394; x_wconf 83' lang='grc' dir='ltr'><strong><em>καὶ</em></strong></span> <span class='ocrx_word' id='word_1_235' title='bbox 418 3334 541 3406; x_wconf 85' lang='grc' dir='ltr'><strong><em>Κοῖνος</em></strong></span> <span class='ocrx_word' id='word_1_236' title='bbox 565 3323 583 3394; x_wconf 91' lang='grc' dir='ltr'>ὁ</span> <span class='ocrx_word' id='word_1_237' title='bbox 607 3325 883 3414; x_wconf 88' lang='grc' dir='ltr'><strong><em>Πολεμοκράτους</em></strong></span> <span class='ocrx_word' id='word_1_238' title='bbox 905 3327 961 3394; x_wconf 83' lang='grc' dir='ltr'><strong><em>καὶ</em></strong></span> <span class='ocrx_word' id='word_1_239' title='bbox 984 3325 1099 3396; x_wconf 85' lang='grc' dir='ltr'><strong><em>Μελέ-</em></strong></span> 
     </span>
     <span class='ocr_line' id='line_1_32' title="bbox 144 3425 1098 3517; baseline -0.005 -19"><span class='ocrx_word' id='word_1_240' title='bbox 144 3456 245 3517; x_wconf 89' lang='grc' dir='ltr'><strong><em>αγρος</em></strong></span> <span class='ocrx_word' id='word_1_241' title='bbox 268 3425 286 3498; x_wconf 86' lang='grc' dir='ltr'>ὁ</span> <span class='ocrx_word' id='word_1_242' title='bbox 311 3430 565 3515; x_wconf 89' lang='grc' dir='ltr'><strong><em>Νεοπτολέμου,</em></strong></span> <span class='ocrx_word' id='word_1_243' title='bbox 592 3427 681 3509; x_wconf 77' lang='grc' dir='ltr'><strong><em>πεζοὶ</em></strong></span> <span class='ocrx_word' id='word_1_244' title='bbox 704 3425 766 3513; x_wconf 71' lang='grc' dir='ltr'><strong><em>μέν</em></strong></span> <span class='ocrx_word' id='word_1_245' title='bbox 790 3427 985 3506; x_wconf 84' lang='grc' dir='ltr'><strong><em>Μακεδόνες</em></strong></span> <span class='ocrx_word' id='word_1_246' title='bbox 1008 3453 1098 3512; x_wconf 92' lang='grc' dir='ltr'><strong><em>τρις-</em></strong></span> 
     </span>
     <span class='ocr_line' id='line_1_33' title="bbox 143 3527 1099 3618; baseline -0.005 -19"><span class='ocrx_word' id='word_1_247' title='bbox 143 3535 238 3618; x_wconf 85' lang='grc' dir='ltr'><strong><em>χίλιοι</em></strong></span> <span class='ocrx_word' id='word_1_248' title='bbox 282 3533 394 3608; x_wconf 79' lang='grc' dir='ltr'><strong><em>ἱππεῖς</em></strong></span> <span class='ocrx_word' id='word_1_249' title='bbox 430 3528 468 3596; x_wconf 69' lang='grc' dir='ltr'><strong><em>δέ</em></strong></span> <span class='ocrx_word' id='word_1_250' title='bbox 503 3531 537 3607; x_wconf 86' lang='grc' dir='ltr'><strong><em>ές</em></strong></span> <span class='ocrx_word' id='word_1_251' title='bbox 572 3533 784 3615; x_wconf 88' lang='grc' dir='ltr'><strong><em>τριακοσίους</em></strong></span> <span class='ocrx_word' id='word_1_252' title='bbox 822 3527 878 3593; x_wconf 84' lang='grc' dir='ltr'><strong><em>καὶ</em></strong></span> <span class='ocrx_word' id='word_1_253' title='bbox 917 3531 1099 3596; x_wconf 75' lang='grc' dir='ltr'><strong><em>Θεσσαλῶν</em></strong></span> 
     </span>
    </p>
   </div>
   <div class='ocr_carea' id='block_1_3' title="bbox 0 0 1332 3948">
    <p class='ocr_par' dir='ltr' id='par_1_3' title="bbox 0 0 1332 3948">
     <span class='ocr_line' id='line_1_34' title="bbox 0 0 1332 3948; baseline 0 0"><span class='ocrx_word' id='word_1_254' title='bbox 0 0 1332 3948; x_wconf 95' lang='lat' dir='ltr'><strong><em> </em></strong></span> 
     </span>
    </p>
   </div>
  </div>
 </body>
</html>
