<?xml version="1.0" encoding="UTF-8"?>
<!DOCTYPE html PUBLIC "-//W3C//DTD XHTML 1.0 Transitional//EN"
    "http://www.w3.org/TR/xhtml1/DTD/xhtml1-transitional.dtd">
<html xmlns="http://www.w3.org/1999/xhtml" xml:lang="en" lang="en">
 <head>
  <title>
</title>
<meta http-equiv="Content-Type" content="text/html;charset=utf-8" />
  <meta name='ocr-system' content='tesseract 3.04.00' />
  <meta name='ocr-capabilities' content='ocr_page ocr_carea ocr_par ocr_line ocrx_word'/>
</head>
<body>
  <div class='ocr_page' id='page_1' title='image "./arrianianabasis00abicgoog_0323.png"; bbox 0 0 2590 3948; ppageno 0'>
   <div class='ocr_carea' id='block_1_1' title="bbox 238 228 847 293">
    <p class='ocr_par' dir='ltr' id='par_1_1' title="bbox 238 228 847 293">
     <span class='ocr_line' id='line_1_1' title="bbox 238 228 847 293; baseline -0.02 0"><span class='ocrx_word' id='word_1_1' title='bbox 238 228 302 293; x_wconf 80' lang='lat'><strong><em>292</em></strong></span> <span class='ocrx_word' id='word_1_2' title='bbox 593 229 847 288; x_wconf 74' lang='grc' dir='ltr'><strong><em>ιΑεΞιιιιιεον</em></strong></span> 
     </span>
    </p>
   </div>
   <div class='ocr_carea' id='block_1_2' title="bbox 203 383 1285 3612">
    <p class='ocr_par' dir='ltr' id='par_1_2' title="bbox 203 383 1285 3612">
     <span class='ocr_line' id='line_1_2' title="bbox 239 383 1209 478; baseline 0.002 -22"><span class='ocrx_word' id='word_1_3' title='bbox 239 387 433 478; x_wconf 87' lang='grc' dir='ltr'><strong><em>βιάσασθαι,</em></strong></span> <span class='ocrx_word' id='word_1_4' title='bbox 452 387 579 474; x_wconf 78' lang='grc' dir='ltr'><strong><em>γνόντα</em></strong></span> <span class='ocrx_word' id='word_1_5' title='bbox 594 388 775 474; x_wconf 80' lang='grc' dir='ltr'><strong><em>ἐλεύθερον</em></strong></span> <span class='ocrx_word' id='word_1_6' title='bbox 793 384 874 454; x_wconf 79' lang='grc' dir='ltr'><strong><em>ὄντα</em></strong></span> <span class='ocrx_word' id='word_1_7' title='bbox 887 386 947 455; x_wconf 84' lang='grc' dir='ltr'><strong><em>τόν</em></strong></span> <span class='ocrx_word' id='word_1_8' title='bbox 961 383 1086 475; x_wconf 84' lang='grc' dir='ltr'><strong><em>ἀνδρα·</em></strong></span> <span class='ocrx_word' id='word_1_9' title='bbox 1114 385 1209 458; x_wconf 85' lang='grc' dir='ltr'><strong><em>ἀλλά</em></strong></span> 
     </span>
     <span class='ocr_line' id='line_1_3' title="bbox 240 485 1210 584; baseline -0.002 -25"><span class='ocrx_word' id='word_1_10' title='bbox 240 489 400 584; x_wconf 86' lang='grc' dir='ltr'><strong><em>Κάλανον</em></strong></span> <span class='ocrx_word' id='word_1_11' title='bbox 425 490 492 578; x_wconf 88' lang='grc' dir='ltr'><strong><em>γάρ</em></strong></span> <span class='ocrx_word' id='word_1_12' title='bbox 524 488 769 575; x_wconf 84' lang='grc' dir='ltr'><strong><em>ἀναπεισθῆναι</em></strong></span> <span class='ocrx_word' id='word_1_13' title='bbox 793 491 863 555; x_wconf 78' lang='grc' dir='ltr'><strong><em>τῶν</em></strong></span> <span class='ocrx_word' id='word_1_14' title='bbox 884 485 992 576; x_wconf 83' lang='grc' dir='ltr'><strong><em>ταάτη</em></strong></span> <span class='ocrx_word' id='word_1_15' title='bbox 1020 494 1210 578; x_wconf 77' lang='grc' dir='ltr'><strong><em>σοφιστῶν,</em></strong></span> 
     </span>
     <span class='ocr_line' id='line_1_4' title="bbox 240 587 1209 678; baseline 0 -20"><span class='ocrx_word' id='word_1_16' title='bbox 240 589 353 659; x_wconf 85' lang='grc' dir='ltr'><strong><em>ὅντινα</em></strong></span> <span class='ocrx_word' id='word_1_17' title='bbox 385 590 525 678; x_wconf 90' lang='grc' dir='ltr'><strong><em>μάλιστα</em></strong></span> <span class='ocrx_word' id='word_1_18' title='bbox 557 588 598 677; x_wconf 90' lang='grc' dir='ltr'><strong><em>δῆ</em></strong></span> <span class='ocrx_word' id='word_1_19' title='bbox 633 588 740 658; x_wconf 77' lang='grc' dir='ltr'><strong><em>αὑτοῦ</em></strong></span> <span class='ocrx_word' id='word_1_20' title='bbox 773 587 941 676; x_wconf 74' lang='grc' dir='ltr'><strong><em>ἀκράτορα</em></strong></span> <span class='ocrx_word' id='word_1_21' title='bbox 974 593 1209 678; x_wconf 76' lang='grc' dir='ltr'><strong><em>Μεγασθένης</em></strong></span> 
     </span>
     <span class='ocr_line' id='line_1_5' title="bbox 239 688 1209 777; baseline 0 -18"><span class='ocrx_word' id='word_1_22' title='bbox 239 690 431 777; x_wconf 77' lang='grc' dir='ltr'><strong><em>ἀνέγραψεν</em></strong></span> <span class='ocrx_word' id='word_1_23' title='bbox 454 688 580 769; x_wconf 80' lang='grc' dir='ltr'><strong><em>αάτοάς</em></strong></span> <span class='ocrx_word' id='word_1_24' title='bbox 602 689 683 770; x_wconf 81' lang='grc' dir='ltr'><strong><em>τούς</em></strong></span> <span class='ocrx_word' id='word_1_25' title='bbox 702 688 862 776; x_wconf 88' lang='grc' dir='ltr'><strong><em>σοφιστάς</em></strong></span> <span class='ocrx_word' id='word_1_26' title='bbox 880 691 990 775; x_wconf 90' lang='grc' dir='ltr'><strong><em>λέγειν</em></strong></span> <span class='ocrx_word' id='word_1_27' title='bbox 1007 699 1209 774; x_wconf 82' lang='grc' dir='ltr'><strong><em>κακίζοντας</em></strong></span> 
     </span>
     <span class='ocr_line' id='line_1_6' title="bbox 238 789 1234 878; baseline -0.007 -16"><span class='ocrx_word' id='word_1_28' title='bbox 238 793 297 862; x_wconf 87' lang='grc' dir='ltr'><strong><em>τὸν</em></strong></span> <span class='ocrx_word' id='word_1_29' title='bbox 316 793 474 862; x_wconf 86' lang='grc' dir='ltr'><strong><em>Κάλανον</em></strong></span> <span class='ocrx_word' id='word_1_30' title='bbox 500 789 549 860; x_wconf 83' lang='grc' dir='ltr'><strong><em>ότι</em></strong></span> <span class='ocrx_word' id='word_1_31' title='bbox 566 790 742 860; x_wconf 74' lang='grc' dir='ltr'><strong><em>ἀπολιπών</em></strong></span> <span class='ocrx_word' id='word_1_32' title='bbox 759 791 821 878; x_wconf 85' lang='grc' dir='ltr'><strong><em>τῆν</em></strong></span> <span class='ocrx_word' id='word_1_33' title='bbox 839 790 930 878; x_wconf 84' lang='grc' dir='ltr'><strong><em>παρά</em></strong></span> <span class='ocrx_word' id='word_1_34' title='bbox 949 797 1065 878; x_wconf 86' lang='grc' dir='ltr'><strong><em>σφίσιν</em></strong></span> <span class='ocrx_word' id='word_1_35' title='bbox 1085 789 1234 860; x_wconf 73' lang='grc' dir='ltr'><strong><em>εὕδω-ι</em></strong></span> 
     </span>
     <span class='ocr_line' id='line_1_7' title="bbox 238 883 1285 983; baseline 0.001 -21"><span class='ocrx_word' id='word_1_36' title='bbox 238 901 373 983; x_wconf 89' lang='grc' dir='ltr'><strong><em>μονίαν,</em></strong></span> <span class='ocrx_word' id='word_1_37' title='bbox 390 892 408 961; x_wconf 89' lang='grc' dir='ltr'>ὁ</span> <span class='ocrx_word' id='word_1_38' title='bbox 426 892 465 961; x_wconf 76' lang='grc' dir='ltr'><strong><em>δὲ</em></strong></span> <span class='ocrx_word' id='word_1_39' title='bbox 481 893 646 981; x_wconf 78' lang='grc' dir='ltr'><strong><em>δεσπότην</em></strong></span> <span class='ocrx_word' id='word_1_40' title='bbox 664 883 767 960; x_wconf 82' lang='grc' dir='ltr'><strong><em>ἀλλον</em></strong></span> <span class='ocrx_word' id='word_1_41' title='bbox 791 889 887 980; x_wconf 83' lang='grc' dir='ltr'><strong><em>ῆτδν</em></strong></span> <span class='ocrx_word' id='word_1_42' title='bbox 903 892 987 960; x_wconf 83' lang='grc' dir='ltr'><strong><em>θεὸν</em></strong></span> <span class='ocrx_word' id='word_1_43' title='bbox 1006 893 1207 980; x_wconf 82' lang='grc' dir='ltr'><strong><em>ἐθεράπευε.</em></strong></span> <span class='ocrx_word' id='word_1_44' title='bbox 1284 939 1285 944; x_wconf 42' lang='lat'>1</span> 
     </span>
     <span class='ocr_line' id='line_1_8' title="bbox 203 992 1285 1083; baseline -0.002 -17"><span class='ocrx_word' id='word_1_45' title='bbox 203 1002 224 1066; x_wconf 82' lang='lat'><strong>3</strong></span> <span class='ocrx_word' id='word_1_46' title='bbox 320 995 432 1064; x_wconf 80' lang='grc' dir='ltr'><strong><em>Ταῦτα</em></strong></span> <span class='ocrx_word' id='word_1_47' title='bbox 459 993 524 1079; x_wconf 76' lang='grc' dir='ltr'><strong><em>ἐγώ</em></strong></span> <span class='ocrx_word' id='word_1_48' title='bbox 551 993 738 1083; x_wconf 82' lang='grc' dir='ltr'><strong><em>ἀνέγραψα,</em></strong></span> <span class='ocrx_word' id='word_1_49' title='bbox 768 993 818 1060; x_wconf 85' lang='grc' dir='ltr'><strong><em>ότι</em></strong></span> <span class='ocrx_word' id='word_1_50' title='bbox 842 993 899 1061; x_wconf 80' lang='grc' dir='ltr'><strong><em>καὶ</em></strong></span> <span class='ocrx_word' id='word_1_51' title='bbox 924 992 1013 1081; x_wconf 75' lang='grc' dir='ltr'><strong><em>ὑπὲρ</em></strong></span> <span class='ocrx_word' id='word_1_52' title='bbox 1041 995 1208 1064; x_wconf 79' lang='grc' dir='ltr'><strong><em>Καλάνου</em></strong></span> <span class='ocrx_word' id='word_1_53' title='bbox 1284 1055 1285 1078; x_wconf 59' lang='grc'><strong><em>,</em></strong></span> 
     </span>
     <span class='ocr_line' id='line_1_9' title="bbox 241 1093 1285 1185; baseline -0.002 -21"><span class='ocrx_word' id='word_1_54' title='bbox 241 1099 342 1185; x_wconf 87' lang='grc' dir='ltr'><strong><em>ἐχρῆν</em></strong></span> <span class='ocrx_word' id='word_1_55' title='bbox 368 1102 476 1164; x_wconf 82' lang='grc' dir='ltr'><strong><em>εἰπεῖν</em></strong></span> <span class='ocrx_word' id='word_1_56' title='bbox 509 1097 545 1163; x_wconf 87' lang='grc' dir='ltr'><strong><em>έν</em></strong></span> <span class='ocrx_word' id='word_1_57' title='bbox 570 1100 612 1184; x_wconf 84' lang='grc' dir='ltr'><strong><em>τῆ</em></strong></span> <span class='ocrx_word' id='word_1_58' title='bbox 644 1095 721 1182; x_wconf 84' lang='grc' dir='ltr'><strong><em>περὶ</em></strong></span> <span class='ocrx_word' id='word_1_59' title='bbox 752 1093 972 1181; x_wconf 79' lang='grc' dir='ltr'><strong><em>Ἀλεξάνδρου</em></strong></span> <span class='ocrx_word' id='word_1_60' title='bbox 1003 1095 1206 1185; x_wconf 79' lang='grc' dir='ltr'><strong><em>ξυγγραφῆ·</em></strong></span> <span class='ocrx_word' id='word_1_61' title='bbox 1284 1151 1285 1156; x_wconf 56' lang='grc'><strong><em>,</em></strong></span> 
     </span>
     <span class='ocr_line' id='line_1_10' title="bbox 239 1193 1285 1286; baseline 0 -21"><span class='ocrx_word' id='word_1_62' title='bbox 239 1202 484 1285; x_wconf 78' lang='grc' dir='ltr'><strong><em>μαλακισθῆναι</em></strong></span> <span class='ocrx_word' id='word_1_63' title='bbox 512 1195 577 1283; x_wconf 94' lang='grc' dir='ltr'><strong><em>γάρ</em></strong></span> <span class='ocrx_word' id='word_1_64' title='bbox 595 1200 689 1286; x_wconf 79' lang='grc' dir='ltr'><strong><em>τιτῷ</em></strong></span> <span class='ocrx_word' id='word_1_65' title='bbox 707 1194 833 1282; x_wconf 80' lang='grc' dir='ltr'><strong><em>σάματι</em></strong></span> <span class='ocrx_word' id='word_1_66' title='bbox 849 1193 909 1262; x_wconf 89' lang='grc' dir='ltr'><strong><em>τδν</em></strong></span> <span class='ocrx_word' id='word_1_67' title='bbox 927 1196 1087 1264; x_wconf 88' lang='grc' dir='ltr'><strong><em>Κάλανον</em></strong></span> <span class='ocrx_word' id='word_1_68' title='bbox 1106 1200 1144 1265; x_wconf 83' lang='grc' dir='ltr'><strong><em>ἐν</em></strong></span> <span class='ocrx_word' id='word_1_69' title='bbox 1160 1203 1208 1286; x_wconf 80' lang='grc' dir='ltr'><strong><em>τῆ</em></strong></span> <span class='ocrx_word' id='word_1_70' title='bbox 1284 1239 1285 1242; x_wconf 60' lang='lat'><em>=</em></span> 
     </span>
     <span class='ocr_line' id='line_1_11' title="bbox 239 1295 1242 1386; baseline -0.002 -18"><span class='ocrx_word' id='word_1_71' title='bbox 239 1303 379 1385; x_wconf 78' lang='grc' dir='ltr'><strong><em>Περσίδι</em></strong></span> <span class='ocrx_word' id='word_1_72' title='bbox 397 1304 455 1386; x_wconf 79' lang='grc' dir='ltr'><strong><em>γῆ,</em></strong></span> <span class='ocrx_word' id='word_1_73' title='bbox 468 1295 564 1366; x_wconf 78' lang='grc' dir='ltr'><strong><em>οὔπω</em></strong></span> <span class='ocrx_word' id='word_1_74' title='bbox 582 1296 733 1383; x_wconf 76' lang='grc' dir='ltr'><strong><em>πρόσθεν</em></strong></span> <span class='ocrx_word' id='word_1_75' title='bbox 745 1295 950 1383; x_wconf 87' lang='grc' dir='ltr'><strong><em>νοσήσαντα·</em></strong></span> <span class='ocrx_word' id='word_1_76' title='bbox 978 1295 1107 1366; x_wconf 84' lang='grc' dir='ltr'><strong><em>οόκουν</em></strong></span> <span class='ocrx_word' id='word_1_77' title='bbox 1121 1297 1208 1366; x_wconf 74' lang='grc' dir='ltr'><strong><em>οὐδὲ</em></strong></span> <span class='ocrx_word' id='word_1_78' title='bbox 1220 1328 1242 1366; x_wconf 83' lang='grc' dir='ltr'><strong><em>ιο</em></strong></span> 
     </span>
     <span class='ocr_line' id='line_1_12' title="bbox 240 1393 1285 1486; baseline 0.001 -19"><span class='ocrx_word' id='word_1_79' title='bbox 240 1404 372 1468; x_wconf 89' lang='grc' dir='ltr'><strong><em>δίαιταν</em></strong></span> <span class='ocrx_word' id='word_1_80' title='bbox 390 1403 580 1467; x_wconf 84' lang='grc' dir='ltr'><strong><em>διαιτᾶσθαι</em></strong></span> <span class='ocrx_word' id='word_1_81' title='bbox 599 1400 727 1467; x_wconf 75' lang='grc' dir='ltr'><strong><em>ἐθέλειν</em></strong></span> <span class='ocrx_word' id='word_1_82' title='bbox 746 1395 921 1486; x_wconf 83' lang='grc' dir='ltr'><strong><em>ἀρράστον</em></strong></span> <span class='ocrx_word' id='word_1_83' title='bbox 949 1393 1088 1485; x_wconf 85' lang='grc' dir='ltr'><strong><em>ἀνδρός,</em></strong></span> <span class='ocrx_word' id='word_1_84' title='bbox 1115 1393 1206 1467; x_wconf 84' lang='grc' dir='ltr'><strong><em>ἀλλά</em></strong></span> <span class='ocrx_word' id='word_1_85' title='bbox 1284 1407 1285 1468; x_wconf 63' lang='grc' dir='ltr'><strong>ζ</strong></span> 
     </span>
     <span class='ocr_line' id='line_1_13' title="bbox 240 1497 1285 1590; baseline 0 -22"><span class='ocrx_word' id='word_1_86' title='bbox 240 1507 347 1569; x_wconf 82' lang='grc' dir='ltr'><strong><em>εἰπεῖν</em></strong></span> <span class='ocrx_word' id='word_1_87' title='bbox 382 1499 447 1586; x_wconf 82' lang='grc' dir='ltr'><strong><em>γάρ</em></strong></span> <span class='ocrx_word' id='word_1_88' title='bbox 480 1501 564 1588; x_wconf 86' lang='grc' dir='ltr'><strong><em>πρὸς</em></strong></span> <span class='ocrx_word' id='word_1_89' title='bbox 588 1497 824 1586; x_wconf 87' lang='grc' dir='ltr'><strong><em>Ἀλέξανδρον,</em></strong></span> <span class='ocrx_word' id='word_1_90' title='bbox 857 1503 967 1578; x_wconf 76' lang='grc' dir='ltr'><strong><em>καλῶς</em></strong></span> <span class='ocrx_word' id='word_1_91' title='bbox 994 1497 1087 1590; x_wconf 78' lang='grc' dir='ltr'><strong><em>αὐτῷ</em></strong></span> <span class='ocrx_word' id='word_1_92' title='bbox 1116 1505 1206 1586; x_wconf 85' lang='grc' dir='ltr'><strong><em>ἔχειν</em></strong></span> <span class='ocrx_word' id='word_1_93' title='bbox 1284 1529 1285 1554; x_wconf 47' lang='grc' dir='ltr'><strong><em>ι</em></strong></span> 
     </span>
     <span class='ocr_line' id='line_1_14' title="bbox 241 1601 1285 1691; baseline -0.003 -22"><span class='ocrx_word' id='word_1_94' title='bbox 241 1605 278 1670; x_wconf 85' lang='grc' dir='ltr'><strong><em>ἐν</em></strong></span> <span class='ocrx_word' id='word_1_95' title='bbox 303 1603 350 1691; x_wconf 78' lang='grc' dir='ltr'><strong><em>τῷ</em></strong></span> <span class='ocrx_word' id='word_1_96' title='bbox 376 1603 496 1691; x_wconf 76' lang='grc' dir='ltr'><strong><em>τοιῷδε</em></strong></span> <span class='ocrx_word' id='word_1_97' title='bbox 522 1601 762 1688; x_wconf 76' lang='grc' dir='ltr'><strong><em>καταστρέψαι,</em></strong></span> <span class='ocrx_word' id='word_1_98' title='bbox 797 1605 878 1686; x_wconf 86' lang='grc' dir='ltr'><strong><em>πρίν</em></strong></span> <span class='ocrx_word' id='word_1_99' title='bbox 903 1627 993 1679; x_wconf 92' lang='grc' dir='ltr'><strong><em>τινος</em></strong></span> <span class='ocrx_word' id='word_1_100' title='bbox 1021 1603 1055 1679; x_wconf 85' lang='grc' dir='ltr'><strong><em>ἐς</em></strong></span> <span class='ocrx_word' id='word_1_101' title='bbox 1080 1617 1206 1690; x_wconf 80' lang='grc' dir='ltr'><strong><em>πεῖραν</em></strong></span> <span class='ocrx_word' id='word_1_102' title='bbox 1284 1605 1285 1666; x_wconf 70' lang='lat'>3</span> 
     </span>
     <span class='ocr_line' id='line_1_15' title="bbox 241 1698 1285 1788; baseline -0.001 -17"><span class='ocrx_word' id='word_1_103' title='bbox 241 1705 356 1771; x_wconf 85' lang='grc' dir='ltr'><strong><em>ἐλθεῖν</em></strong></span> <span class='ocrx_word' id='word_1_104' title='bbox 371 1701 567 1788; x_wconf 83' lang='grc' dir='ltr'><strong><em>παθήματος</em></strong></span> <span class='ocrx_word' id='word_1_105' title='bbox 585 1698 603 1768; x_wconf 83' lang='grc' dir='ltr'>ὅ</span> <span class='ocrx_word' id='word_1_106' title='bbox 620 1727 652 1768; x_wconf 95' lang='grc' dir='ltr'><strong><em>τι</em></strong></span> <span class='ocrx_word' id='word_1_107' title='bbox 669 1725 730 1788; x_wconf 89' lang='grc' dir='ltr'><strong><em>περ</em></strong></span> <span class='ocrx_word' id='word_1_108' title='bbox 749 1700 964 1786; x_wconf 76' lang='grc' dir='ltr'><strong><em>ἐξαναγκάσει</em></strong></span> <span class='ocrx_word' id='word_1_109' title='bbox 978 1698 1086 1769; x_wconf 86' lang='grc' dir='ltr'><strong><em>αότδν</em></strong></span> <span class='ocrx_word' id='word_1_110' title='bbox 1100 1729 1205 1788; x_wconf 82' lang='grc' dir='ltr'><strong><em>μετα·</em></strong></span> <span class='ocrx_word' id='word_1_111' title='bbox 1284 1705 1285 1712; x_wconf 61' lang='lat'><em>&#39;</em></span> 
     </span>
     <span class='ocr_line' id='line_1_16' title="bbox 207 1800 1285 1892; baseline 0.002 -22"><span class='ocrx_word' id='word_1_112' title='bbox 207 1815 223 1862; x_wconf 80' lang='lat'><strong>2</strong></span> <span class='ocrx_word' id='word_1_113' title='bbox 240 1803 375 1890; x_wconf 84' lang='grc' dir='ltr'><strong><em>βάλλειν</em></strong></span> <span class='ocrx_word' id='word_1_114' title='bbox 388 1800 452 1886; x_wconf 84' lang='grc' dir='ltr'><strong><em>τήν</em></strong></span> <span class='ocrx_word' id='word_1_115' title='bbox 465 1802 617 1890; x_wconf 89' lang='grc' dir='ltr'><strong><em>πρόσθεν</em></strong></span> <span class='ocrx_word' id='word_1_116' title='bbox 631 1808 770 1871; x_wconf 87' lang='grc' dir='ltr'><strong><em>δίαιταν.</em></strong></span> <span class='ocrx_word' id='word_1_117' title='bbox 790 1801 1075 1892; x_wconf 82' lang='grc' dir='ltr'><strong><em>καλἈλέξανδρον</em></strong></span> <span class='ocrx_word' id='word_1_118' title='bbox 1089 1800 1206 1872; x_wconf 88' lang='grc' dir='ltr'><strong><em>ἀντει-</em></strong></span> <span class='ocrx_word' id='word_1_119' title='bbox 1219 1833 1241 1871; x_wconf 81' lang='grc' dir='ltr'><strong><em>ιι</em></strong></span> <span class='ocrx_word' id='word_1_120' title='bbox 1284 1841 1285 1844; x_wconf 39' lang='grc'><strong>“</strong></span> 
     </span>
     <span class='ocr_line' id='line_1_17' title="bbox 240 1897 1207 1993; baseline 0.004 -23"><span class='ocrx_word' id='word_1_121' title='bbox 240 1918 317 1972; x_wconf 78' lang='grc' dir='ltr'><strong><em>πεῖν</em></strong></span> <span class='ocrx_word' id='word_1_122' title='bbox 344 1902 406 1988; x_wconf 74' lang='grc' dir='ltr'><strong><em>μὲν</em></strong></span> <span class='ocrx_word' id='word_1_123' title='bbox 432 1899 525 1993; x_wconf 76' lang='grc' dir='ltr'><strong><em>αὐτῷ</em></strong></span> <span class='ocrx_word' id='word_1_124' title='bbox 552 1905 606 1971; x_wconf 78' lang='grc' dir='ltr'><strong><em>ε’πλ</em></strong></span> <span class='ocrx_word' id='word_1_125' title='bbox 630 1903 726 1972; x_wconf 84' lang='grc' dir='ltr'><strong><em>πολύ·</em></strong></span> <span class='ocrx_word' id='word_1_126' title='bbox 767 1897 812 1982; x_wconf 81' lang='grc' dir='ltr'><strong><em>ιδς</em></strong></span> <span class='ocrx_word' id='word_1_127' title='bbox 837 1902 869 1971; x_wconf 87' lang='grc' dir='ltr'><strong><em>δ’</em></strong></span> <span class='ocrx_word' id='word_1_128' title='bbox 897 1901 958 1989; x_wconf 79' lang='grc' dir='ltr'><strong><em>οὐχ</em></strong></span> <span class='ocrx_word' id='word_1_129' title='bbox 975 1901 1207 1990; x_wconf 80' lang='grc' dir='ltr'><strong><em>ἡττησόμενον</em></strong></span> 
     </span>
     <span class='ocr_line' id='line_1_18' title="bbox 243 1998 1205 2095; baseline 0.002 -23"><span class='ocrx_word' id='word_1_130' title='bbox 243 2004 342 2091; x_wconf 76' lang='grc' dir='ltr'><strong><em>ἐπέρα,</em></strong></span> <span class='ocrx_word' id='word_1_131' title='bbox 362 2001 446 2071; x_wconf 85' lang='grc' dir='ltr'><strong><em>ἀλλά</em></strong></span> <span class='ocrx_word' id='word_1_132' title='bbox 464 2001 574 2083; x_wconf 86' lang='grc' dir='ltr'><strong><em>άλλως</em></strong></span> <span class='ocrx_word' id='word_1_133' title='bbox 592 1998 635 2071; x_wconf 83' lang='grc' dir='ltr'><strong><em>ἀν</em></strong></span> <span class='ocrx_word' id='word_1_134' title='bbox 653 2003 899 2092; x_wconf 80' lang='grc' dir='ltr'><strong><em>ἀπαλλαγέντα,</em></strong></span> <span class='ocrx_word' id='word_1_135' title='bbox 919 2012 951 2074; x_wconf 85' lang='grc' dir='ltr'><strong><em>εί</em></strong></span> <span class='ocrx_word' id='word_1_136' title='bbox 966 2004 1012 2091; x_wconf 87' lang='grc' dir='ltr'><strong><em>μή</em></strong></span> <span class='ocrx_word' id='word_1_137' title='bbox 1028 2031 1077 2084; x_wconf 87' lang='grc' dir='ltr'><strong><em>τις</em></strong></span> <span class='ocrx_word' id='word_1_138' title='bbox 1094 2006 1205 2095; x_wconf 84' lang='grc' dir='ltr'><strong><em>ταότη</em></strong></span> 
     </span>
     <span class='ocr_line' id='line_1_19' title="bbox 241 2102 1285 2193; baseline 0 -19"><span class='ocrx_word' id='word_1_139' title='bbox 241 2103 432 2192; x_wconf 79' lang='grc' dir='ltr'><strong><em>ὑπεικάθοι,</em></strong></span> <span class='ocrx_word' id='word_1_140' title='bbox 451 2103 538 2172; x_wconf 78' lang='grc' dir='ltr'><strong><em>οὕτω</em></strong></span> <span class='ocrx_word' id='word_1_141' title='bbox 553 2105 594 2191; x_wconf 81' lang='grc' dir='ltr'><strong><em>δὴ</em></strong></span> <span class='ocrx_word' id='word_1_142' title='bbox 612 2102 677 2193; x_wconf 82' lang='grc' dir='ltr'><strong><em>ὅπη</em></strong></span> <span class='ocrx_word' id='word_1_143' title='bbox 697 2105 899 2192; x_wconf 80' lang='grc' dir='ltr'><strong><em>ἐπήγγελλεν</em></strong></span> <span class='ocrx_word' id='word_1_144' title='bbox 913 2103 1029 2192; x_wconf 79' lang='grc' dir='ltr'><strong><em>αὐτός,</em></strong></span> <span class='ocrx_word' id='word_1_145' title='bbox 1047 2112 1207 2175; x_wconf 80' lang='grc' dir='ltr'><strong><em>κελεῦσαι</em></strong></span> <span class='ocrx_word' id='word_1_146' title='bbox 1284 2127 1285 2156; x_wconf 71' lang='lat'>³</span> 
     </span>
     <span class='ocr_line' id='line_1_20' title="bbox 240 2179 1285 2298; baseline 0.001 -23"><span class='ocrx_word' id='word_1_147' title='bbox 240 2209 408 2294; x_wconf 74' lang='grc' dir='ltr'><strong><em>νησθῆναι</em></strong></span> <span class='ocrx_word' id='word_1_148' title='bbox 433 2199 527 2298; x_wconf 73' lang='grc' dir='ltr'><strong><em>αὐτῷ</em></strong></span> <span class='ocrx_word' id='word_1_149' title='bbox 553 2205 686 2294; x_wconf 88' lang='grc' dir='ltr'><strong><em>πυράν,</em></strong></span> <span class='ocrx_word' id='word_1_150' title='bbox 720 2207 776 2273; x_wconf 79' lang='grc' dir='ltr'><strong><em>καὶ</em></strong></span> <span class='ocrx_word' id='word_1_151' title='bbox 808 2202 931 2294; x_wconf 76' lang='grc' dir='ltr'><strong><em>ταύτης</em></strong></span> <span class='ocrx_word' id='word_1_152' title='bbox 965 2209 1208 2296; x_wconf 86' lang='grc' dir='ltr'><strong><em>ἐπιμεληθῆναι</em></strong></span> <span class='ocrx_word' id='word_1_153' title='bbox 1284 2179 1285 2264; x_wconf 61' lang='grc' dir='ltr'><strong><em>ἐ</em></strong></span> 
     </span>
     <span class='ocr_line' id='line_1_21' title="bbox 243 2305 1247 2396; baseline 0 -18"><span class='ocrx_word' id='word_1_154' title='bbox 243 2318 454 2396; x_wconf 83' lang='grc' dir='ltr'><strong><em>Πτολεμαῖον</em></strong></span> <span class='ocrx_word' id='word_1_155' title='bbox 480 2309 539 2376; x_wconf 86' lang='grc' dir='ltr'><strong><em>τὸν</em></strong></span> <span class='ocrx_word' id='word_1_156' title='bbox 565 2307 682 2393; x_wconf 89' lang='grc' dir='ltr'><strong><em>Λάγον</em></strong></span> <span class='ocrx_word' id='word_1_157' title='bbox 709 2305 769 2376; x_wconf 88' lang='grc' dir='ltr'><strong><em>τὸν</em></strong></span> <span class='ocrx_word' id='word_1_158' title='bbox 795 2307 1072 2395; x_wconf 76' lang='grc' dir='ltr'><strong><em>σωματοφύλακα.</em></strong></span> <span class='ocrx_word' id='word_1_159' title='bbox 1113 2315 1152 2377; x_wconf 90' lang='grc' dir='ltr'><strong><em>οἵ</em></strong></span> <span class='ocrx_word' id='word_1_160' title='bbox 1167 2311 1207 2378; x_wconf 78' lang='grc' dir='ltr'><strong><em>δὲ</em></strong></span> <span class='ocrx_word' id='word_1_161' title='bbox 1221 2338 1247 2378; x_wconf 86' lang='grc' dir='ltr'><strong><em>ω</em></strong></span> 
     </span>
     <span class='ocr_line' id='line_1_22' title="bbox 241 2393 1285 2496; baseline 0.002 -18"><span class='ocrx_word' id='word_1_162' title='bbox 241 2411 299 2478; x_wconf 85' lang='grc' dir='ltr'><strong><em>καὶ</em></strong></span> <span class='ocrx_word' id='word_1_163' title='bbox 331 2407 466 2496; x_wconf 83' lang='grc' dir='ltr'><strong><em>πομπήν</em></strong></span> <span class='ocrx_word' id='word_1_164' title='bbox 497 2436 572 2477; x_wconf 91' lang='grc' dir='ltr'><strong><em>τινα</em></strong></span> <span class='ocrx_word' id='word_1_165' title='bbox 611 2411 868 2496; x_wconf 81' lang='grc' dir='ltr'><strong><em>προπομπεῦσαι</em></strong></span> <span class='ocrx_word' id='word_1_166' title='bbox 899 2406 1006 2477; x_wconf 76' lang='grc' dir='ltr'><strong><em>αὐτοῦ</em></strong></span> <span class='ocrx_word' id='word_1_167' title='bbox 1045 2410 1208 2496; x_wconf 92' lang='grc' dir='ltr'><strong><em>λέγουσιν</em></strong></span> <span class='ocrx_word' id='word_1_168' title='bbox 1284 2393 1285 2466; x_wconf 60' lang='grc' dir='ltr'><strong><em>ί</em></strong></span> 
     </span>
     <span class='ocr_line' id='line_1_23' title="bbox 242 2491 1285 2599; baseline 0.001 -20"><span class='ocrx_word' id='word_1_169' title='bbox 242 2517 369 2591; x_wconf 78' lang='grc' dir='ltr'><strong><em>ἵππους</em></strong></span> <span class='ocrx_word' id='word_1_170' title='bbox 386 2537 422 2578; x_wconf 88' lang='grc' dir='ltr'><strong><em>τε</em></strong></span> <span class='ocrx_word' id='word_1_171' title='bbox 439 2510 495 2577; x_wconf 82' lang='grc' dir='ltr'><strong><em>καὶ</em></strong></span> <span class='ocrx_word' id='word_1_172' title='bbox 512 2509 651 2599; x_wconf 86' lang='grc' dir='ltr'><strong><em>ἀνδρας,</em></strong></span> <span class='ocrx_word' id='word_1_173' title='bbox 676 2509 757 2590; x_wconf 80' lang='grc' dir='ltr'><strong><em>τούς</em></strong></span> <span class='ocrx_word' id='word_1_174' title='bbox 779 2509 842 2596; x_wconf 73' lang='grc' dir='ltr'><strong><em>μὲν</em></strong></span> <span class='ocrx_word' id='word_1_175' title='bbox 861 2506 1105 2599; x_wconf 78' lang='grc' dir='ltr'><strong><em>ἀπλισμένονς,</em></strong></span> <span class='ocrx_word' id='word_1_176' title='bbox 1121 2513 1208 2592; x_wconf 81' lang='grc' dir='ltr'><strong><em>τούς</em></strong></span> <span class='ocrx_word' id='word_1_177' title='bbox 1284 2491 1285 2526; x_wconf 36' lang='grc' dir='ltr'><strong><em>ἐ</em></strong></span> 
     </span>
     <span class='ocr_line' id='line_1_24' title="bbox 243 2611 1212 2702; baseline 0.003 -22"><span class='ocrx_word' id='word_1_178' title='bbox 243 2612 282 2680; x_wconf 66' lang='grc' dir='ltr'><strong><em>δὲ</em></strong></span> <span class='ocrx_word' id='word_1_179' title='bbox 306 2611 500 2698; x_wconf 84' lang='grc' dir='ltr'><strong><em>θυμιάματα</em></strong></span> <span class='ocrx_word' id='word_1_180' title='bbox 526 2627 670 2680; x_wconf 83' lang='grc' dir='ltr'><strong><em>παντοία</em></strong></span> <span class='ocrx_word' id='word_1_181' title='bbox 701 2615 744 2699; x_wconf 82' lang='grc' dir='ltr'><strong><em>τῆ</em></strong></span> <span class='ocrx_word' id='word_1_182' title='bbox 776 2613 869 2698; x_wconf 78' lang='grc' dir='ltr'><strong><em>πυρᾷ</em></strong></span> <span class='ocrx_word' id='word_1_183' title='bbox 898 2612 1131 2702; x_wconf 82' lang='grc' dir='ltr'><strong><em>ἐπιφέροντας·</em></strong></span> <span class='ocrx_word' id='word_1_184' title='bbox 1173 2620 1212 2683; x_wconf 87' lang='grc' dir='ltr'><strong><em>οἵ</em></strong></span> 
     </span>
     <span class='ocr_line' id='line_1_25' title="bbox 244 2709 1208 2802; baseline 0.005 -22"><span class='ocrx_word' id='word_1_185' title='bbox 244 2713 283 2781; x_wconf 69' lang='grc' dir='ltr'><strong><em>δὲ</em></strong></span> <span class='ocrx_word' id='word_1_186' title='bbox 315 2713 372 2780; x_wconf 85' lang='grc' dir='ltr'><strong><em>καὶ</em></strong></span> <span class='ocrx_word' id='word_1_187' title='bbox 405 2711 582 2798; x_wconf 73' lang='grc' dir='ltr'><strong><em>ἐκπώματα</em></strong></span> <span class='ocrx_word' id='word_1_188' title='bbox 616 2717 725 2801; x_wconf 82' lang='grc' dir='ltr'><strong><em>χρυσᾶ</em></strong></span> <span class='ocrx_word' id='word_1_189' title='bbox 750 2713 808 2780; x_wconf 83' lang='grc' dir='ltr'><strong><em>καὶ</em></strong></span> <span class='ocrx_word' id='word_1_190' title='bbox 834 2709 966 2802; x_wconf 84' lang='grc' dir='ltr'><strong><em>ἀργυρᾶ</em></strong></span> <span class='ocrx_word' id='word_1_191' title='bbox 993 2714 1050 2780; x_wconf 80' lang='grc' dir='ltr'><strong><em>καὶ</em></strong></span> <span class='ocrx_word' id='word_1_192' title='bbox 1078 2716 1208 2802; x_wconf 85' lang='grc' dir='ltr'><strong><em>ἐσθῆτα</em></strong></span> 
     </span>
     <span class='ocr_line' id='line_1_26' title="bbox 210 2811 1246 2904; baseline 0.002 -24"><span class='ocrx_word' id='word_1_193' title='bbox 210 2823 226 2871; x_wconf 79' lang='grc'>3</span> <span class='ocrx_word' id='word_1_194' title='bbox 244 2812 420 2901; x_wconf 82' lang='grc' dir='ltr'><strong><em>βασιλικήν</em></strong></span> <span class='ocrx_word' id='word_1_195' title='bbox 432 2813 589 2896; x_wconf 88' lang='grc' dir='ltr'><strong><em>λέγουσιν</em></strong></span> <span class='ocrx_word' id='word_1_196' title='bbox 603 2811 654 2880; x_wconf 85' lang='grc' dir='ltr'><strong><em>ότι</em></strong></span> <span class='ocrx_word' id='word_1_197' title='bbox 671 2817 802 2900; x_wconf 82' lang='grc' dir='ltr'><strong><em>ἔφερον.</em></strong></span> <span class='ocrx_word' id='word_1_198' title='bbox 829 2811 921 2904; x_wconf 78' lang='grc' dir='ltr'><strong><em>αὐτῷ</em></strong></span> <span class='ocrx_word' id='word_1_199' title='bbox 937 2813 975 2882; x_wconf 72' lang='grc' dir='ltr'><strong><em>δὲ</em></strong></span> <span class='ocrx_word' id='word_1_200' title='bbox 988 2835 1203 2901; x_wconf 86' lang='grc' dir='ltr'><strong><em>παρασκευα-</em></strong></span> <span class='ocrx_word' id='word_1_201' title='bbox 1222 2845 1246 2882; x_wconf 71' lang='grc' dir='ltr'><strong><em>τι</em></strong></span> 
     </span>
     <span class='ocr_line' id='line_1_27' title="bbox 244 2911 1207 3002; baseline 0.002 -20"><span class='ocrx_word' id='word_1_202' title='bbox 244 2917 368 3000; x_wconf 84' lang='grc' dir='ltr'><strong><em>σθῆναι</em></strong></span> <span class='ocrx_word' id='word_1_203' title='bbox 393 2913 454 3000; x_wconf 70' lang='grc' dir='ltr'><strong><em>μὲν</em></strong></span> <span class='ocrx_word' id='word_1_204' title='bbox 473 2919 589 3000; x_wconf 90' lang='grc' dir='ltr'><strong><em>ἵππον,</em></strong></span> <span class='ocrx_word' id='word_1_205' title='bbox 617 2911 666 2982; x_wconf 82' lang='grc' dir='ltr'><strong><em>ὅτι</em></strong></span> <span class='ocrx_word' id='word_1_206' title='bbox 682 2917 818 2999; x_wconf 78' lang='grc' dir='ltr'><strong><em>βαδίσαι</em></strong></span> <span class='ocrx_word' id='word_1_207' title='bbox 835 2911 1011 2994; x_wconf 79' lang='grc' dir='ltr'><strong><em>ἀδυνάτως</em></strong></span> <span class='ocrx_word' id='word_1_208' title='bbox 1030 2914 1119 3002; x_wconf 80' lang='grc' dir='ltr'><strong><em>εἶχεν</em></strong></span> <span class='ocrx_word' id='word_1_209' title='bbox 1136 2913 1207 2984; x_wconf 81' lang='grc' dir='ltr'><strong><em>ὑπὸ</em></strong></span> 
     </span>
     <span class='ocr_line' id='line_1_28' title="bbox 243 3012 1208 3102; baseline 0.003 -19"><span class='ocrx_word' id='word_1_210' title='bbox 243 3021 301 3100; x_wconf 89' lang='grc' dir='ltr'><strong><em>τῆς</em></strong></span> <span class='ocrx_word' id='word_1_211' title='bbox 327 3014 447 3082; x_wconf 89' lang='grc' dir='ltr'><strong><em>νόσον·</em></strong></span> <span class='ocrx_word' id='word_1_212' title='bbox 481 3012 522 3083; x_wconf 80' lang='grc' dir='ltr'><strong><em>οὐ</em></strong></span> <span class='ocrx_word' id='word_1_213' title='bbox 548 3014 615 3102; x_wconf 87' lang='grc' dir='ltr'><strong><em>μῆν</em></strong></span> <span class='ocrx_word' id='word_1_214' title='bbox 641 3019 836 3102; x_wconf 81' lang='grc' dir='ltr'><strong><em>δυνηθῆναί</em></strong></span> <span class='ocrx_word' id='word_1_215' title='bbox 859 3041 898 3101; x_wconf 91' lang='grc' dir='ltr'><strong><em>γε</em></strong></span> <span class='ocrx_word' id='word_1_216' title='bbox 916 3015 999 3084; x_wconf 76' lang='grc' dir='ltr'><strong><em>οὐδὲ</em></strong></span> <span class='ocrx_word' id='word_1_217' title='bbox 1015 3022 1077 3084; x_wconf 77' lang='grc' dir='ltr'><strong><em>τοῦ</em></strong></span> <span class='ocrx_word' id='word_1_218' title='bbox 1096 3021 1208 3086; x_wconf 91' lang='grc' dir='ltr'><strong><em>ἵππου</em></strong></span> 
     </span>
     <span class='ocr_line' id='line_1_29' title="bbox 245 3111 1208 3205; baseline 0.002 -20"><span class='ocrx_word' id='word_1_219' title='bbox 245 3118 412 3204; x_wconf 87' lang='grc' dir='ltr'><strong><em>ἐπιβῆναι,</em></strong></span> <span class='ocrx_word' id='word_1_220' title='bbox 442 3111 526 3182; x_wconf 89' lang='grc' dir='ltr'><strong><em>ἀλλά</em></strong></span> <span class='ocrx_word' id='word_1_221' title='bbox 554 3117 609 3183; x_wconf 79' lang='grc' dir='ltr'><strong><em>ἐπὶ</em></strong></span> <span class='ocrx_word' id='word_1_222' title='bbox 635 3123 754 3203; x_wconf 83' lang='grc' dir='ltr'><strong><em>κλίνης</em></strong></span> <span class='ocrx_word' id='word_1_223' title='bbox 779 3115 844 3204; x_wconf 85' lang='grc' dir='ltr'><strong><em>γάρ</em></strong></span> <span class='ocrx_word' id='word_1_224' title='bbox 871 3123 1073 3204; x_wconf 84' lang='grc' dir='ltr'><strong><em>κομισθῆναι</em></strong></span> <span class='ocrx_word' id='word_1_225' title='bbox 1098 3119 1208 3205; x_wconf 89' lang='grc' dir='ltr'><strong><em>φερό-</em></strong></span> 
     </span>
     <span class='ocr_line' id='line_1_30' title="bbox 243 3210 1285 3310; baseline 0.001 -23"><span class='ocrx_word' id='word_1_226' title='bbox 243 3244 359 3306; x_wconf 89' lang='grc' dir='ltr'><strong><em>μενον,</em></strong></span> <span class='ocrx_word' id='word_1_227' title='bbox 398 3216 672 3305; x_wconf 79' lang='grc' dir='ltr'><strong><em>ἐστεφανωμένον</em></strong></span> <span class='ocrx_word' id='word_1_228' title='bbox 712 3242 750 3286; x_wconf 91' lang='grc' dir='ltr'><strong><em>τε</em></strong></span> <span class='ocrx_word' id='word_1_229' title='bbox 782 3224 830 3308; x_wconf 83' lang='grc' dir='ltr'><strong><em>τῷ</em></strong></span> <span class='ocrx_word' id='word_1_230' title='bbox 862 3210 979 3286; x_wconf 80' lang='grc' dir='ltr'><strong><em>Ἰνδῶν</em></strong></span> <span class='ocrx_word' id='word_1_231' title='bbox 1012 3217 1107 3310; x_wconf 78' lang='grc' dir='ltr'><strong><em>νόμῳ</em></strong></span> <span class='ocrx_word' id='word_1_232' title='bbox 1146 3222 1209 3288; x_wconf 87' lang='grc' dir='ltr'><strong><em>καὶ</em></strong></span> <span class='ocrx_word' id='word_1_233' title='bbox 1284 3259 1285 3304; x_wconf 51' lang='grc' dir='ltr'><strong><em>γ</em></strong></span> 
     </span>
     <span class='ocr_line' id='line_1_31' title="bbox 245 3305 1285 3408; baseline 0.003 -21"><span class='ocrx_word' id='word_1_234' title='bbox 245 3317 370 3408; x_wconf 76' lang='grc' dir='ltr'><strong><em>ᾅδοντα</em></strong></span> <span class='ocrx_word' id='word_1_235' title='bbox 396 3319 437 3406; x_wconf 84' lang='grc' dir='ltr'><strong><em>τῆ</em></strong></span> <span class='ocrx_word' id='word_1_236' title='bbox 461 3314 578 3386; x_wconf 78' lang='grc' dir='ltr'><strong><em>Ἰνδῶν</em></strong></span> <span class='ocrx_word' id='word_1_237' title='bbox 604 3317 752 3408; x_wconf 75' lang='grc' dir='ltr'><strong><em>γλοόσση.</em></strong></span> <span class='ocrx_word' id='word_1_238' title='bbox 801 3322 836 3386; x_wconf 86' lang='grc' dir='ltr'><strong><em>ολ</em></strong></span> <span class='ocrx_word' id='word_1_239' title='bbox 861 3317 898 3385; x_wconf 68' lang='grc' dir='ltr'><strong><em>δὲ</em></strong></span> <span class='ocrx_word' id='word_1_240' title='bbox 919 3317 1022 3388; x_wconf 88' lang='grc' dir='ltr'><strong><em>Ἰνδοὶ</em></strong></span> <span class='ocrx_word' id='word_1_241' title='bbox 1048 3320 1248 3404; x_wconf 83' lang='grc' dir='ltr'><strong><em>λέγουσινω</em></strong></span> <span class='ocrx_word' id='word_1_242' title='bbox 1284 3305 1285 3390; x_wconf 64' lang='grc' dir='ltr'>Ῐ</span> 
     </span>
     <span class='ocr_line' id='line_1_32' title="bbox 211 3411 1211 3507; baseline 0.004 -21"><span class='ocrx_word' id='word_1_243' title='bbox 211 3417 296 3488; x_wconf 69' lang='grc' dir='ltr'><strong><em>εὸτι</em></strong></span> <span class='ocrx_word' id='word_1_244' title='bbox 320 3415 420 3506; x_wconf 77' lang='grc' dir='ltr'><strong><em>ὕμνοι</em></strong></span> <span class='ocrx_word' id='word_1_245' title='bbox 444 3423 535 3486; x_wconf 77' lang='grc' dir='ltr'><strong><em>θεῶν</em></strong></span> <span class='ocrx_word' id='word_1_246' title='bbox 561 3411 647 3507; x_wconf 77' lang='grc' dir='ltr'><strong><em>ἦσαν</em></strong></span> <span class='ocrx_word' id='word_1_247' title='bbox 673 3421 730 3487; x_wconf 79' lang='grc' dir='ltr'><strong><em>καὶ</em></strong></span> <span class='ocrx_word' id='word_1_248' title='bbox 757 3416 870 3487; x_wconf 77' lang='grc' dir='ltr'><strong><em>αὐτῶν</em></strong></span> <span class='ocrx_word' id='word_1_249' title='bbox 896 3424 1034 3489; x_wconf 81' lang='grc' dir='ltr'><strong><em>ἔπαινοι.</em></strong></span> <span class='ocrx_word' id='word_1_250' title='bbox 1061 3421 1119 3488; x_wconf 79' lang='grc' dir='ltr'><strong><em>καὶ</em></strong></span> <span class='ocrx_word' id='word_1_251' title='bbox 1145 3421 1211 3491; x_wconf 86' lang='grc' dir='ltr'><strong><em>τὸν</em></strong></span> 
     </span>
     <span class='ocr_line' id='line_1_33' title="bbox 245 3519 1211 3612; baseline 0.006 -26"><span class='ocrx_word' id='word_1_252' title='bbox 245 3519 306 3606; x_wconf 73' lang='grc' dir='ltr'><strong><em>μὲν</em></strong></span> <span class='ocrx_word' id='word_1_253' title='bbox 333 3524 437 3587; x_wconf 90' lang='grc' dir='ltr'><strong><em>ἵππον</em></strong></span> <span class='ocrx_word' id='word_1_254' title='bbox 462 3522 583 3589; x_wconf 80' lang='grc' dir='ltr'><strong><em>τοῦτον</em></strong></span> <span class='ocrx_word' id='word_1_255' title='bbox 607 3519 687 3589; x_wconf 83' lang='grc' dir='ltr'><strong><em>ὅτου</em></strong></span> <span class='ocrx_word' id='word_1_256' title='bbox 711 3519 929 3611; x_wconf 77' lang='grc' dir='ltr'><strong><em>ἐπιβήσεσθαι</em></strong></span> <span class='ocrx_word' id='word_1_257' title='bbox 956 3527 1080 3609; x_wconf 81' lang='grc' dir='ltr'><strong><em>ἔμελλε,</em></strong></span> <span class='ocrx_word' id='word_1_258' title='bbox 1105 3528 1211 3612; x_wconf 89' lang='grc' dir='ltr'><strong><em>βασι-</em></strong></span> 
     </span>
    </p>
   </div>
   <div class='ocr_carea' id='block_1_3' title="bbox 0 0 1300 3948">
    <p class='ocr_par' dir='ltr' id='par_1_3' title="bbox 0 0 1300 3948">
     <span class='ocr_line' id='line_1_34' title="bbox 0 0 1300 3948; baseline 0 0"><span class='ocrx_word' id='word_1_259' title='bbox 0 0 1300 3948; x_wconf 95' lang='lat' dir='ltr'><strong><em> </em></strong></span> 
     </span>
    </p>
   </div>
  </div>
 </body>
</html>
