2650 3948
495 258 679 310 ΔΝΑΒΑΣΙΣ
696 260 721 322 2,
739 260 764 313 4.
1063 257 1107 322 59

142 395 288 485 δεσμόν,
316 396 486 480 ἐξελκύσαι
503 400 566 480 ἔξω
582 404 644 467 τού
662 401 774 487 ρυμού
790 396 851 468 τδν
868 397 979 485 ζυγόν.
1014 397 1140 480 ὄπωςθ

142 497 208 586 μὲν
229 497 270 586 δή
291 499 443 588 ἐπράχθη
462 498 502 568 τά
524 497 611 589 ἀμφὶ
629 505 676 592 τῷ
696 503 807 592 δεσμῷ
825 499 933 593 τούτῳ
948 497 1105 583 Ἀλεξάν-

144 605 217 690 δρςο
241 596 302 669 ούκ
327 607 391 688 ἔχοι
417 607 663 691 ἰσχυρίσασθαι.
699 597 875 689 ἀπηλλάγη
899 599 929 670 δ’
954 594 1017 671 ούν
1040 599 1106 670 άπὸ

143 703 205 787 τῆς
235 698 360 789 άμάξης
390 699 493 782 αύτός
522 730 558 771 τε
587 703 643 771 καὶ
673 706 708 772 οί
734 700 819 790 ἄμφ’
845 700 951 772 αύτδν
976 696 1021 784 οἷς
1043 707 1106 772 τού

115 809 263 887 ελογίου
288 807 348 872 τοῦ
369 803 423 871 ἐπὶ
440 808 482 892 τῇ
502 803 596 873 λύσει
617 809 679 874 τού
702 808 829 892 δεσμοῦ
853 804 1105 893 ξυμβεβηκότος.

143 904 203 971 καὶ
220 902 284 992 γάρ
301 905 358 972 καὶ
375 909 433 991 τῆς
450 903 573 985 νυκτός
592 907 719 992 ἐκείνης
736 913 879 993 βρονταί
888 933 924 976 τε
937 907 993 975 καὶ
1007 907 1106 986 σέλας

144 1006 181 1085 ἐξ
205 1002 355 1094 ούρανοῦ
381 1005 607 1094 ἐπεσήμηναν·
651 1007 708 1075 καὶ
732 1007 787 1075 ἐπὶ
811 1005 939 1088 τούτοις
964 1013 1046 1077 ἔθυε
1062 1011 1105 1098 τῇ

142 1103 308 1198 ὑστεραίᾳ
321 1105 538 1194 Ἀλέξανδρος
551 1121 621 1188 τοῖς
634 1107 760 1196 φήνασι
772 1117 866 1188 θεοῖς
879 1107 920 1177 τά
931 1135 967 1178 τε
984 1122 1105 1197 σημεῖα

143 1207 204 1276 καί
221 1212 280 1277 τοῦ
298 1213 424 1296 δεσμοῦ
441 1207 505 1296 τήν
522 1207 628 1278 λύσιν.

104 1333 132 1374 ιο
224 1305 340 1390 Αύτδς
365 1309 403 1379 δὲ
419 1316 461 1400 τῇ
479 1307 640 1402 ὑστεραία
658 1307 712 1380 ἐπ’
734 1308 897 1398 Ἀγκύρας
914 1315 974 1398 τής
992 1319 1102 1382 Γαλα-
1126 1321 1146 1388 4

144 1415 237 1497 τικής
262 1413 448 1480 ἐστέλλετο·
498 1408 597 1480 κάκεϊ
618 1407 711 1505 αύτῷ
735 1418 895 1502 πρεσβεία
918 1409 1107 1499 ἀφικνεῖται

145 1512 398 1600 Παφλαγόνων,
415 1512 502 1582 τότε
520 1518 620 1592 ἔθνος
639 1512 840 1584 ἐνδιδόντων
857 1513 913 1582 καὶ
931 1515 965 1593 ἐς
983 1511 1104 1600 ὁμολο-

144 1621 227 1700 γίαν
244 1612 511 1702 ξυμβαινόντων·
544 1616 576 1694 ἐς
595 1613 632 1683 δὲ
649 1613 711 1702 τήν
728 1614 840 1703 χώραν
857 1613 920 1696 ξύν
936 1619 979 1704 τή
997 1613 1105 1683 δυνά-

144 1741 199 1802 μει
216 1714 260 1802 μή
281 1717 435 1802 ἐσβαλεῖν
454 1715 595 1784 ἐδέοντο.
621 1715 750 1795 τούτοις
767 1716 829 1804 μὲν
846 1715 888 1803 δή
907 1714 1106 1805 προστάσσει
1122 1729 1139 1781 2

106 1839 132 1880 1⁵
142 1813 359 1904 Ἀλέξανδρος
382 1814 567 1885 ὑπακούειν
584 1816 681 1907 Κάλᾳ
697 1823 745 1909 τῷ
763 1817 915 1907 σατράπῃ
932 1823 991 1904 τῆς
1010 1827 1105 1906 Φρυ-

145 1923 232 2004 γίας.
282 1915 384 1998 αύτός
402 1917 440 1987 δὲ
458 1917 513 1987 ἐπὶ
530 1923 771 1998 Καππαδοκίας
790 1918 908 1999 ἐλάσας
927 1918 1106 2007 ξύμπασαν

144 2017 209 2105 τήν
223 2017 447 2100 ἐντδςἍλνος
465 2025 616 2108 ποταμοῦ
634 2019 862 2108 προσηγάγετο
879 2020 937 2089 καὶ
954 2025 1002 2088 ἔτι
1019 2019 1106 2108 ὑπὲρ

144 2117 206 2188 τόν
230 2119 337 2190 ’Ἅλυν
367 2120 509 2208 πολλήν·
558 2121 765 2208 καταστήσας
796 2120 834 2190 δὲ
864 2125 1106 2190 Καππαδοκῶν

147 2227 320 2307 Σαβίκταν
343 2221 515 2320 σατράπην
539 2219 642 2302 αύτδς
665 2228 811 2309 προῆγεν
835 2223 890 2290 ἐπὶ
912 2221 973 2302 τάς
996 2219 1105 2302 πύλας

108 2323 206 2404 ιοτάς
228 2332 389 2405 Κιλικίας.
438 2324 495 2392 καὶ
525 2321 723 2412 άφικόμενος
757 2323 811 2390 ἐπὶ
836 2321 873 2391 τδ
900 2320 1018 2410 Κύρου
1043 2327 1139 2391 τοῦθ

146 2423 210 2504 ξύν
232 2430 427 2512 Ξενοφῶντι
455 2424 697 2512 στρατόπεδον,
734 2421 778 2504 ὥς
801 2425 1022 2512 κατεχομένας
1045 2421 1105 2503 τάς

145 2525 256 2606 πύλας
285 2535 452 2613 φυλακαῖς
484 2533 636 2615 ἰσχυραῖς
665 2523 751 2610 εἶδε,
786 2531 1013 2613 Παρμενίωνα
1041 2523 1105 2612 μέν

146 2623 254 2696 αύτού
277 2633 467 2696 καταλείπει
489 2626 554 2696 σύν
576 2640 649 2706 ταῖς
671 2624 782 2706 τάξεσι
805 2631 873 2694 τῶν
900 2629 1007 2709 πεζῶν
1032 2625 1106 2696 ὅσοι

144 2727 332 2817 βαρύτερον
346 2726 545 2816 ὡπλισμένοι
556 2719 659 2815 ἦσαν·
692 2724 795 2808 αύτδς
813 2725 852 2796 δὲ
869 2724 956 2815 άμφὶ
968 2725 1106 2815 πρώτην

107 2857 133 2897 ιε
146 2828 303 2917 φυλακήν
334 2826 515 2916 άναλαβοδν
543 2827 622 2910 τούς
649 2854 687 2898 τε
712 2824 923 2909 ὑπασπιστάς
946 2827 1003 2898 καὶ
1026 2827 1105 2911 τούς

145 2929 280 3011 τοξότας
302 2931 358 2998 καὶ
381 2929 463 3010 τούς
478 2928 654 3017 Ἀγριᾶνας
677 2936 804 3018 προῆγε
827 2933 886 3018 τής
908 2929 1031 3010 υυκτδς
1049 2929 1105 2999 ἐπὶ

145 3030 204 3111 τάς
213 3031 333 3119 πύλας,
349 3025 393 3112 άς
403 3028 444 3100 ού
459 3031 733 3119 προσδεχομένοις
746 3045 816 3112 τοῖς
829 3030 975 3119 φύλαξιν
989 3035 1102 3101 ἐπιπε-

146 3147 228 3201 σεῖν.
268 3134 325 3200 καὶ
354 3131 535 3220 προσάγων
564 3130 626 3220 μὲν
650 3128 714 3201 ούκ
738 3137 878 3220 ἔλαθεν,
909 3134 942 3213 ἐς
968 3142 1043 3202 ἴσον
1066 3131 1138 3202 δδλ

145 3231 238 3324 αύτῷ
261 3233 401 3320 κατέστη
418 3230 439 3319 ή
457 3231 572 3321 τόλμα.
608 3237 643 3302 οί
657 3231 723 3322 γάρ
741 3231 890 3320 φύλακες
908 3233 1105 3322 αἰσθόμενοι

108 3331 362 3421 εοἈλέξανδρου
385 3331 490 3403 αύτδν
512 3333 725 3422 προσάγοντα
742 3332 895 3415 λιπόντες
911 3333 974 3422 τήν
991 3343 1103 3422 φυλα-

145 3434 208 3523 κήν
232 3434 358 3528 ᾤχοντο
382 3433 573 3523 φεύγοντες.
609 3441 651 3524 τῇ
677 3434 714 3504 δέ
736 3432 898 3526 ὑστεραίᾳ
915 3434 983 3522 ἅμα
999 3441 1041 3524 τῇ
1059 3438 1103 3526 ἕςο

145 3537 208 3618 ξύν
232 3543 273 3627 τῇ
298 3536 440 3624 δυνάμει
462 3533 554 3624 πάση
572 3533 776 3624 ὑπερβαλόν
799 3534 858 3615 τάς
876 3533 986 3616 πύλας
1003 3535 1102 3602 κατί-
