2664 3946
494 227 678 278 εαευεειπ
694 230 724 290 ι,
742 229 768 282 ε.
1048 225 1108 290 157

148 381 336 464 ἐξετόξευον
362 383 396 462 ές
423 380 564 471 αύτούς,
597 388 634 453 οί
656 384 693 454 δὲ
718 398 789 464 τοῖς
822 389 869 454 ἔτι
895 386 1110 470 ἐσβαίνουσιν

149 485 336 571 ἐπέκειντο,
372 482 456 553 ὥστε
482 482 608 576 άπορίηι
634 483 805 554 πάντοθεν
830 483 1045 572 ξυνεχόμενοι
1076 491 1114 555 οί

149 583 347 666 Μακεδόνες
386 587 419 664 ἐς
457 585 565 673 νῆσόν
603 612 677 654 τινα
714 590 783 654 τάν
825 589 862 654 ἐν
893 588 939 678 τῳ
972 590 1110 678 ποταμῷ

149 685 402 774 ξυμφεύγουσιν
419 684 461 753 ού
479 685 638 774 μεγάλην.
681 687 739 755 καί
758 685 968 776 περιστάντες
986 685 1112 768 αύτούς

122 791 187 856 τοί
217 785 353 856 Σκύθαι
384 813 421 857 τε
450 789 508 857 καὶ
539 792 576 856 οί
605 785 669 870 ξύν
695 789 897 876 Σπιταμένει
934 792 1047 868 ίππείς
1075 791 1112 859 ἐν

149 887 264 981 κύκλῳ
297 887 427 968 πάντας
459 887 717 970 κατετόξευσαν·
750 887 888 975 ὀλίγους
919 888 958 958 δὲ
982 885 1112 977 ἠνδρα-

149 995 331 1060 ποδίσαντο
358 989 486 1077 αύτσίν,
512 991 569 1058 καί
595 989 735 1071 τούτους
754 990 881 1070 πάντας
899 988 1110 1060 άπέκτειναν.

222 1087 474 1179 Ἀριστόβουλος
500 1089 539 1160 δὲ
566 1092 686 1181 ἐνέδρηι
712 1089 750 1159 τό
776 1091 863 1160 πολύ
881 1096 940 1179 τῆς
957 1091 1147 1179 στρατιᾶςθ

149 1193 378 1284 διαφθαρῆναι
410 1195 514 1279 λέγει,
553 1197 626 1261 τῶν
664 1195 817 1262 Σκυθῶν
850 1194 887 1260 ἐν
919 1197 1112 1286 παραδείσῳ

112 1315 138 1358 ιο
150 1294 378 1382 κρυφθέντων
410 1303 447 1365 οἳ
471 1297 508 1363 ἐκ
541 1297 603 1363 τού
636 1290 791 1382 άφανούς
818 1295 1018 1379 ἐπεγένοντο
1042 1309 1113 1374 τοῖς

151 1392 349 1467 Μακεδόσιν
375 1396 413 1464 ἐν
435 1392 529 1487 αύτῷ
555 1398 601 1485 τῷ
627 1400 729 1486 ἔργῳ·
769 1399 827 1463 ἵνα
849 1393 908 1463 τόν
933 1394 996 1482 μέν
1020 1403 1114 1482 Φαρ-

151 1494 277 1583 νούχην
295 1510 510 1585 παραχωρεῖν
522 1501 580 1582 τῆς
591 1492 770 1583 ἡγεμονίας
783 1511 853 1576 τοῖς
867 1498 1115 1584 ξυμπεμφθεῖσι

152 1593 365 1683 Μακεδόσιν,
392 1595 437 1678 ύς
463 1594 526 1666 ούκ
553 1599 717 1685 ἐμπείρως
734 1602 852 1683 ἔχοντα
878 1603 987 1685 ἔργων
1012 1604 1115 1666 πολε·

152 1701 275 1787 μανῶν,
308 1692 386 1768 ἄλλ’
414 1699 469 1768 ἐπί
494 1700 542 1789 τῷ
568 1701 790 1785 καθομιλῆσαι
815 1696 897 1778 τούς
921 1696 1115 1789 βαρβάρους

114 1818 140 1860 1⁵
152 1797 281 1888 μᾶλλόν
314 1826 346 1867 τι
384 1799 468 1887 πρὸς
499 1795 720 1885 Ἀλεξάνδρου
751 1794 773 1886 ἢ
806 1800 862 1868 ἐπὶ
893 1804 941 1892 τῷ
975 1802 1012 1868 ἑν
1042 1813 1116 1880 ταῖς

153 1900 270 1990 μάχαις
289 1902 479 1988 ἐξηγεῖσθαι
506 1901 719 1990 ἐσταλμένον,
745 1897 825 1980 τούς
852 1899 890 1969 δὲ
913 1899 1115 1980 Μακεδόνας

153 2029 189 2072 τε
215 1999 382 2072 εἶναικαὶ
414 2005 566 2088 ἑταίρους
598 2002 768 2089 βασιλέως.
817 1999 1047 2092 Ἀνδρόμαχον
1078 2000 1150 2071 δέει

154 2104 211 2174 καί
249 2104 411 2192 Κάρανον
447 2104 504 2172 καί
542 2103 746 2191 Μενέδημον
783 2100 824 2172 ού
857 2105 1018 2184 δέξασθαι
1055 2101 1117 2190 τὴν

154 2203 354 2292 ἡγεμονίαν,
392 2202 430 2274 τό
469 2204 531 2290 μέν
569 2230 599 2271 τι
638 2201 684 2284 οἱς
722 2205 767 2291 μὴ
805 2209 919 2272 δοκεῖν
955 2203 1045 2291 παρά
1076 2201 1117 2272 τά

117 2337 143 2376 τι
158 2306 386 2394 ἐπηγγελμένα
412 2303 478 2374 ὑπό
494 2303 716 2393 Ἀλεξάνδρου
734 2301 860 2384 αύτούς
877 2331 909 2372 τι
926 2305 1010 2374 κατά
1029 2309 1118 2392 σφᾶς

156 2414 373 2494 νεωτερίζειν·
416 2406 453 2475 τὸ
487 2405 525 2476 δὲ
556 2407 613 2476 παὶ
649 2409 685 2475 ἐν
718 2404 811 2498 αύτῷ
841 2411 888 2498 τῷ
921 2409 1021 2498 δεινῷ
1053 2402 1117 2473 ούκ

158 2507 401 2596 ἐθελήσαντας,
434 2512 466 2576 εί
497 2506 540 2594 (λη’
571 2535 603 2575 τι
627 2513 818 2594 πταίσειαν,
853 2505 899 2594 μὴ
930 2505 1012 2575 ὅσον
1043 2501 1115 2574 κατ’

157 2606 266 2695 ἄνδρα
293 2608 398 2697 μόνον
423 2609 571 2696 μετέχειν
589 2604 727 2695 αύτούς,
753 2605 840 2676 άλλά
858 2609 913 2675 καὶ
932 2605 977 2688 τίς
993 2605 1031 2677 τό
1049 2609 1118 2675 πᾶν

157 2708 281 2789 αύτούς
313 2715 423 2787 κακῶς
457 2709 733 2796 ἐξηγησαμένους.
791 2710 827 2776 ἐν
857 2707 966 2798 τούτῳ
998 2705 1041 2796 δὴ
1072 2711 1118 2799 τῷ

118 2841 143 2882 τε
156 2808 295 2902 θορύβῳ
321 2838 357 2880 τε
382 2811 439 2878 καί
464 2815 508 2899 τῇ
526 2807 645 2900 άταξίηι
671 2811 888 2898 ἐπιθεμένους
906 2807 1021 2890 αύτοίς
1038 2807 1119 2890 τούς

156 2910 351 3000 βαρβάρους
382 2908 569 2993 κατακόψαι
600 2909 745 2998 πάντας,
786 2907 870 2980 ὥστε
904 2913 1024 2992 ίππέας
1056 2909 1119 3000 μέν

157 3009 202 3100 μὴ
220 3019 377 3093 πλείονας
394 3013 464 3080 τῶν
480 3011 727 3102 τεσσαράκοντα
745 3010 975 3100 ἀποσωθῆναι,
1001 3008 1120 3096 πεζούς

158 3113 195 3181 δὲ
222 3115 255 3193 ἐς
280 3122 501 3200 τριακοσίους.

239 3219 353 3285 Ταῦτα
392 3212 434 3302 δη
476 3211 521 3294 ιός
550 3210 700 3302 ἠγγέλθη
731 3208 957 3307 Ἀλεξάνδρῳ,
996 3212 1124 3301 ἦλγησέ
1137 3235 1152 3282 3

122 3341 195 3384 τοτε
225 3318 271 3409 τῷ
305 3315 407 3384 πάθει
439 3317 508 3384 τῶν
540 3319 751 3404 στρατιωτῶν
781 3317 838 3384 καί
871 3322 958 3402 ἐγνω
984 3319 1120 3404 σπουδῇ

159 3413 313 3486 ἐλαύνειν
346 3413 390 3498 ὡς
430 3415 484 3484 ἐπί
518 3417 736 3504 Σπιταμένην
767 3443 803 3486 τε
834 3418 892 3485 καὶ
922 3415 1002 3497 τοὺς
1033 3413 1118 3504 ἄμφ’

158 3515 264 3588 αὐτόν
288 3515 490 3608 βαρβάρους.
533 3513 712 3603 άναλαβάν
738 3509 803 3586 ούν
827 3522 896 3587 τῶν
921 3544 957 3587 τε
980 3519 1121 3603 ἑταίρων
