2664 3946
484 231 670 284 ιιιιεεειε
686 233 717 295 ι,
735 233 779 284 ιι.
1065 228 1109 294 89

146 398 253 461 ματος
275 372 335 440 ταλ
357 367 428 460 ἅμα
451 370 674 461 άντιτριροις
690 372 836 461 τριήρεσι
858 379 1000 452 πολλαῖς
1016 371 1108 460 δρῶν

148 473 389 561 πεφραγμένον
411 472 472 542 τὸν
499 480 662 544 ἔσπλουν·
694 489 787 562 τρεῖς
809 472 849 543 δέ
871 474 932 554 τάς
957 473 1108 554 ἐξωτάτω

150 574 366 665 ἐφορμούσας
391 580 440 666 τῷ
468 574 607 663 στόματι
630 575 773 664 τριήρεις
799 575 1046 664 προσπεσόντες
1074 576 1113 643 ολ

152 684 308 758 Φοίνικες
333 678 391 745 καὶ
415 675 622 765 ἀντίπρωροι
640 677 841 766 ἐμβαλόντες
863 677 1108 746 καταδύουσιν·

9 823 16 856 a
123 783 190 847 τοί
204 779 243 848 δέ
261 782 299 848 ἐν
315 793 391 858 ταῖς
402 780 529 848 ναυσὶν
546 777 589 847 ού
603 784 755 865 χαλεπῶς
772 777 981 867 ἀπενήξαντο
995 781 1029 858 ές
1045 775 1108 864 τήν

149 883 229 968 γήν,
238 888 356 968 φιλίαν
365 871 484 949 οὖσαν·
500 878 577 948 τότε
584 879 648 968 μὲν
657 881 699 968 δή
709 879 751 952 οῦ
765 879 881 970 πόρρω
893 885 955 950 τοῦ
969 881 1107 966 ποιητοῦ
1127 899 1159 950 10

150 980 304 1068 χείματος
321 981 407 1049 κατά
425 982 489 1050 τόν
505 981 675 1070 αἰγιαλόν,
692 987 750 1051 ἵνα
767 982 872 1072 σκέπη
889 986 958 1051 τῶν
974 978 1109 1068 άνέμων

153 1085 329 1172 ἐφαίνετο,
359 1087 396 1152 οί
423 1083 490 1153 σῦν
517 1082 725 1175 Ἀλεξάνδρφ
756 1081 957 1172 ῶρμίσαντο.
996 1085 1038 1171 τῇ
1070 1079 1110 1150 δέ

150 1182 315 1274 ύστεραίρ
336 1184 421 1264 τοῦς
448 1183 512 1272 μέν
535 1191 715 1273 Κυπρίους
742 1184 806 1265 ξύν
835 1199 911 1264 ταῖς
933 1184 1109 1272 σφετέραις

113 1314 139 1355 ιο
150 1289 255 1355 ναυσὶ
268 1287 326 1354 καὶ
339 1283 559 1376 Ἀνδρομάχῳ
576 1291 624 1378 τῷ
638 1285 800 1379 ναυάρχῳ
813 1285 898 1355 κατά
911 1284 974 1354 τόν
990 1283 1110 1373 λιμένα

150 1386 212 1456 τόν
243 1391 281 1458 ἐν
311 1391 465 1467 Σιδῶνος
495 1386 644 1476 φέροντα
674 1387 850 1458 ἐκέλευσεν
874 1390 1035 1475 ἐφορμεῖν
1065 1388 1108 1472 τῇ

152 1487 265 1577 πόλει,
289 1487 371 1568 τούς
395 1488 434 1558 δὲ
453 1497 614 1570 Φοίνικας
636 1489 720 1558 κατά
745 1489 809 1558 τδν
832 1487 886 1560 ἐπ’
912 1490 1024 1557 ἐκεῖνα
1046 1489 1108 1554 τοῦ

151 1589 304 1678 χείματος
316 1589 377 1714 3⁵¹¹
391 1590 477 1678 πρὸς
491 1601 670 1676 Αιγυπτον
683 1589 859 1679 ἀνέχοντα,
874 1594 932 1660 ἵνα
944 1589 1001 1657 καὶ
1015 1584 1108 1678 αύτῷ

151 1689 174 1778 ἡ
192 1692 296 1780 σκηνὴ
312 1719 364 1778 υ·

9 1861 11 1872 η
114 1821 139 1862 ιι
218 1791 306 1880 Ἤδη
326 1793 364 1861 δὲ
388 1794 446 1861 παλ
469 1795 705 1881 μηχανοποιῶν
732 1791 826 1885 αύτῷ
853 1795 989 1863 πολλῶν
1013 1797 1050 1862 ἔτι
1073 1817 1109 1860 τε
1117 1803 1156 1868 21

153 1893 299 1980 Κύπρου
325 1896 383 1963 καὶ
412 1901 572 1982 Φοινίκης
594 1893 725 1982 ἁπάσης
749 1893 1023 1983 συλλελεγμένων
1045 1919 1110 1981 μη·

153 1997 254 2082 χαναὶ
278 1996 402 2064 πολλαὶ
426 1996 704 2085 συμπεπηγμέναι
719 1987 806 2082 ἦσαν
812 2049 823 2084 ,
840 2001 880 2065 αί
893 1996 957 2084 μὲν
976 1996 1031 2065 ἐπὶ
1048 1997 1109 2063 τοῦ

153 2097 324 2185 χῶματος,
348 2101 388 2165 αἱ
411 2095 450 2165 δὲ
475 2099 531 2166 ἐπὶ
556 2101 625 2166 τῶν
650 2101 857 2183 ἱππαγωγῶν
879 2102 985 2186 νεῶν,
1011 2092 1053 2175 ἃς
1074 2098 1111 2164 ἐκ

154 2201 309 2277 Σιδῶνος
332 2195 401 2286 ἅμα
426 2193 461 2266 οἷ
484 2197 655 2287 ἐκόμισεν,
680 2203 720 2267 αί
740 2197 779 2267 δέ
802 2199 858 2268 έπλ
880 2202 950 2268 τῶν
966 2199 1110 2285 τριηρῶν

114 2329 140 2370 ιο
154 2297 230 2369 ὅσαι
247 2297 362 2368 αῦτῶν
380 2296 422 2367 ού
440 2302 712 2385 ταχυναυτοῦσαι
728 2290 823 2386 ἦσαν.
856 2296 902 2379 ῶς
927 2298 966 2368 δὲ
984 2317 1109 2386 παρεσ-
1127 2313 1143 2364 ν

153 2401 297 2470 κεῦαστο
314 2397 378 2487 ἤδη
392 2398 582 2488 ξύμπαντα,
600 2404 771 2490 προσῆγον
786 2400 847 2480 τάς
860 2398 1011 2488 μηχανάς
1024 2397 1110 2466 ιιατά

152 2529 189 2572 τε
212 2501 250 2571 τὸ
276 2500 416 2588 ποιητὸν
446 2505 542 2590 χῶμα
564 2503 622 2570 καὶ
645 2500 712 2569 άπδ
739 2506 808 2570 τῶν
830 2509 919 2570 νεῶν
942 2499 1028 2589 ἄλλη
1052 2500 1110 2568 ιιαλ

153 2602 240 2693 άλλη
254 2605 316 2671 τοῦ
331 2609 464 2688 τείχους
477 2601 788 2692 προσορμιζομένων
800 2629 836 2671 τε
848 2603 905 2671 καὶ
920 2601 1110 2690 ἀποπειρω-

152 2703 265 2794 μένων
281 2707 342 2772 τοῦ
360 2711 501 2789 τείχους.

115 2834 140 2874 ιι
234 2810 280 2876 OC
301 2809 339 2874 δε
368 2805 484 2894 Τύριοι
509 2809 568 2874 ἐπί
587 2832 624 2874 τε
646 2809 715 2874 τῶν
741 2805 910 2885 ἐπάλξεων
932 2807 1003 2874 τῶν
1025 2803 1145 2874 τατδιε

153 2907 192 2977 τδ
218 2911 313 2994 χῶμα
331 2906 486 2994 πύργους
509 2907 668 2987 ξυλίνους
688 2905 891 2994 ἐπέστησαν,
913 2905 958 2987 ῶς
976 2905 1109 2994 ἀπομά-

153 3019 272 3096 χεσθαι
281 3005 340 3076 ἀπ’
357 3006 484 3097 αὐτῶν,
497 3009 555 3076 καὶ
569 3017 604 3076 εί
612 3034 659 3097 πη
671 3006 757 3097 άλλη
772 3012 812 3076 αί
821 3009 967 3096 μηχαναὶ
982 3007 1109 3098 προσή-

153 3137 275 3198 γοντο,
297 3107 412 3197 βέλεσί
433 3135 469 3177 τε
492 3107 662 3197 ἠμύνοντο
686 3111 743 3178 καὶ
769 3109 958 3200 πυρφόροις
984 3116 1110 3190 οίστολς

155 3219 297 3300 ἔβαλλον
315 3207 421 3290 αῦτδς
438 3209 497 3289 τὰς
514 3212 619 3299 ναῦς,
639 3207 722 3281 ὥστε
739 3209 848 3299 φόβον
866 3211 1021 3300 παρέχειν
1038 3225 1109 3291 τοῖς

114 3341 140 3380 ιο
153 3310 329 3384 Μακεδόσι
352 3311 500 3395 πελάζειν
523 3315 571 3403 τῷ
589 3321 697 3399 τείχει.
733 3303 776 3399 ἦν
800 3310 838 3406 δέ
856 3310 975 3392 αὐτοῖς
992 3313 1050 3382 καὶ
1067 3311 1108 3380 τὰ
1126 3325 1143 3376 ι

153 3422 244 3503 τείχη
262 3413 347 3481 κατὰ
365 3412 402 3480 τό
422 3417 517 3501 χῶμα
534 3411 574 3481 τό
590 3441 626 3483 τε
651 3412 739 3495 ὕψος
758 3420 806 3493 είς
824 3413 1030 3502 πεντήκοντα
1053 3415 1110 3482 καί

154 3514 274 3586 ἑκατὸν
304 3513 448 3600 μάλιστα
479 3513 586 3594 πόδας
618 3516 676 3583 καὶ
709 3519 742 3595 ἐς
768 3513 893 3594 πλάτος
922 3513 1110 3602 ξύμμετρον
