2678 3950
498 235 682 288 ινιοιειε
699 240 731 301 ε,
750 239 791 288 ιο,
1055 233 1118 300 239

156 393 341 466 κινδύνων.
387 393 473 464 ἀλλά
492 402 738 484 παραμείνατε,
771 392 893 484 ἀνδρες
921 393 1118 476 Μακεδόνες

156 495 214 565 καί
241 494 412 584 ξύμμαχοι.
466 495 665 565 πονούντων
689 523 739 564 τοι
764 498 821 565 καὶ
847 496 1118 565 κινδυνευόντων

155 601 196 665 τά
230 599 315 666 καλά
349 603 446 683 ἔργα,
480 599 537 665 καί
569 600 627 683 ζῆν
659 623 694 666 τε
727 594 790 676 ξύν
823 595 924 685 ἀρετῇ
958 595 1025 685 ἡδύ
1059 598 1117 666 καὶ

156 697 383 785 ἀποθνῆσκον
396 699 493 778 κλέος
506 696 682 768 ἀθάνατον
694 698 991 786 ὑπολειπομένους.
1018 694 1040 786 ἢ
1054 697 1117 766 οῦκ
1135 719 1150 768 ο

116 814 130 856 ⁵
158 811 228 868 ίστε
240 796 290 868 ὅτι
307 793 325 867 ό
344 798 511 888 πρόγονος
529 798 546 867 ὁ
564 798 723 887 ἡμέτερος
741 796 804 868 οῦκ
818 801 855 867 έν
875 805 1021 886 Τίρυνθι
1035 795 1117 868 οῦδὲ

146 898 272 990 Ἄργει,
299 898 374 968 ἀλλ’
401 895 483 970 οῦδὲ
503 903 539 969 έν
555 900 806 993 Πελοποννήσῳ
824 894 845 987 ἢ
864 900 988 988 Θήβαις
1005 901 1117 988 μένων

157 1004 192 1082 ές
217 1001 359 1071 τοσόνδε
384 1003 479 1082 κλέος
505 993 612 1087 ἦλθεν
639 999 684 1082 ἀς
701 1001 782 1081 θεὸς
802 1003 834 1083 ἐξ
853 997 1040 1090 ἀνθρύπον
1058 1029 1116 1088 γε·

156 1099 313 1190 νέσθαιῆ
339 1108 470 1186 δοκεῑν;
497 1097 538 1171 οῦ
561 1101 682 1190 μὲνδὴ
701 1101 783 1170 οῦδὲ
802 1102 988 1191 Διονύσον,
1013 1101 1117 1190 ἀκρο-

157 1206 256 1292 τέρον
283 1204 407 1273 τούτου
425 1207 511 1272 θεοῦ
536 1200 557 1290 ἢ
575 1201 656 1273 καθ’
672 1203 850 1293 Ἡρακλέα,
876 1200 986 1290 ὀλίγοι
1003 1204 1115 1274 πόνοι.

117 1331 143 1372 ιο
158 1304 243 1374 ἀλλά
270 1304 365 1394 ἡμεῖς
382 1332 421 1392 γε
437 1306 493 1374 καὶ
520 1301 571 1374 ἐπ’
602 1309 714 1374 ἐκεῖνα
730 1307 788 1393 τῆς
807 1304 925 1393 Νύσης
942 1304 1117 1394 ἀφίγμεθα

157 1409 215 1476 καὶ
240 1405 420 1494 ἡ”Αορνος
446 1408 550 1495 πέτρα
570 1403 590 1494 ἡ
608 1410 655 1498 τῷ
669 1403 827 1494 Ἡρακλεῖ
842 1405 1014 1487 ἀνάλωτος
1032 1406 1117 1496 πρὸς

157 1505 253 1596 ἡμῶν
280 1513 394 1594 ἔχεται.
446 1506 544 1596 ύμεῐς
571 1506 609 1576 δὲ
634 1509 691 1576 καλ
717 1505 758 1575 τά
788 1514 835 1576 ἔτι
860 1505 1031 1576 ύπόλοιπα
1057 1511 1150 1596 τῆςσ

154 1606 268 1690 Ἀσίας
295 1609 459 1697 πρόσθετε
476 1623 546 1689 τοῖς
572 1607 637 1696 ἤδη
655 1610 865 1696 κεκτημένοις
882 1611 941 1677 καὶ
958 1607 999 1676 τά
1018 1606 1117 1694 ὀλίγα

157 1725 226 1791 τοῖς
252 1718 397 1790 πολλοῖς.
427 1711 498 1779 ἐπεὶ
524 1710 582 1778 καὶ
604 1709 687 1796 ἡμῖν
704 1709 821 1789 αὐτοῖς
838 1715 873 1776 τί
888 1704 932 1777 ἀν
949 1710 1034 1797 μέγα
1060 1712 1116 1778 καί

119 1810 262 1880 ιικαλὸν
296 1811 556 1899 κατεπέπρακτο,
583 1818 616 1880 εί
641 1813 678 1880 έν
705 1815 904 1900 Μακεδονίᾳ
935 1810 1118 1898 καθήμενοι

160 1912 277 1983 ίκανὸν
305 1913 509 2001 ἐποιούμεθα
535 1910 672 1991 ἀπόνως
697 1911 760 1998 τὴν
787 1917 915 1981 οἰκείαν
934 1911 1116 1998 διασόζειν,

159 2021 294 2103 Θράκας
319 2014 400 2093 τοῦς
419 2007 567 2101 ὁμόρους
584 2010 605 2101 ἢ
620 2012 804 2101 Ἰλλυριούς
823 2009 843 2100 ἢ
867 2011 1076 2099 Τριβαλλούς
1096 2010 1118 2100 ἢ

157 2119 214 2184 καὶ
239 2121 309 2184 τῶν
323 2113 491 2202 Ἑλλήνων
517 2113 590 2184 ὅσοι
615 2113 679 2184 οῦκ
706 2114 882 2201 ἐπιτήδειοι
909 2117 942 2194 ἐς
968 2112 1008 2182 κά
1035 2113 1118 2203 ἡμέ-

158 2244 236 2308 τερα
262 2215 537 2298 ἀναστέλλοντεςς

119 2344 146 2385 ιο
236 2325 282 2388 Ec
306 2317 368 2406 μὲν
395 2316 436 2404 δὴ
463 2316 551 2405 ῦμῦις
574 2322 764 2396 πονοῦντας
782 2315 838 2384 καὶ
856 2315 1117 2397 κινδυνεύοντας
1137 2341 1151 2390 7

159 2418 262 2498 αύτός
281 2416 414 2498 ἀπόνως
427 2419 484 2486 καὶ
498 2416 686 2497 ἀκινδύνως
706 2416 927 2505 ἐξηγούμενος
944 2408 1040 2506 ἦγον,
1054 2416 1118 2486 οῦκ

159 2519 341 2598 ἀπεικότως
363 2514 406 2586 ἀν
424 2519 647 2606 προεκάμνετε
670 2532 744 2596 ταῖς
766 2517 933 2605 γνύμαις,
961 2521 1031 2586 τάν
1055 2517 1118 2606 μὲν

160 2621 276 2690 πόνων
293 2617 408 2707 μόνοις
424 2617 510 2707 ύμῖν
526 2617 641 2708 μετόν,
658 2619 698 2686 τά
713 2617 751 2687 δέ
769 2609 859 2687 ἀθλα
872 2616 988 2687 αῦτῶν
1005 2614 1118 2700 ἀλλοις

161 2722 426 2810 περιποιοῦντες·
464 2725 531 2788 νῦν
558 2719 597 2789 δέ
621 2721 728 2789 κοινοί
754 2719 816 2806 μὲν
841 2718 923 2807 ἡμῖν
949 2723 985 2788 οί
1008 2720 1117 2808 πόνοι,

121 2849 146 2890 ιε
162 2833 236 2894 ίσον
254 2821 292 2890 δέ
309 2821 438 2908 μέτεστι
453 2823 522 2890 τῶν
539 2821 722 2908 κινδύνων,
747 2820 788 2889 τά
807 2819 845 2888 δέ
865 2812 953 2890 ἀθλα
972 2822 1008 2890 έν
1026 2823 1117 2913 μέσῳ

159 2940 265 2994 κεῖται
290 2921 465 3010 ξύμπασιν.
503 2919 525 3009 ἦ
541 2949 576 2992 τε
592 2923 657 3010 γάρ
675 2921 767 3010 χύρα
783 2920 928 3012 ύμετέρα
945 2922 999 2991 καί
1019 2920 1117 3011 ῦμεῑς
1135 2951 1151 3000 8

160 3024 265 3112 αὐτῆς
291 3022 522 3112 σατραπεύετε.
575 3027 724 3094 καὶτῶν
750 3023 928 3112 χρημάτων
954 3024 992 3092 τὸ
1018 3025 1118 3113 μέρος

160 3130 226 3195 νῦν
251 3151 286 3194 τε
313 3127 346 3205 ές
372 3122 461 3213 ύμῦς
485 3126 523 3195 τὸ
542 3127 629 3195 πολύ
649 3133 777 3214 ἔρχεται
793 3126 851 3194 καὶ
869 3123 1004 3194 ἐπειδάν
1022 3126 1118 3206 ἐπεξ-

162 3230 313 3315 έλθωμεν
339 3224 402 3314 τὴν
425 3225 559 3315 Ἀσίαν,
591 3227 666 3296 τότε
693 3225 756 3296 οῦκ
785 3227 953 3314 ἐμπλήσας
979 3228 1023 3314 μά
1047 3233 1117 3297 Δία

122 3329 267 3418 ιοῦμᾶς,
299 3325 383 3395 ἀλλά
415 3329 471 3398 καλ
503 3326 707 3416 ύπερβαλάν
739 3325 802 3396 ὅσα
829 3330 967 3406 ἕκαστος
994 3332 1119 3408 ἐλπίζοι

160 3428 274 3517 ἀγαθά
302 3435 435 3499 ἔσεσθαι
459 3428 540 3510 τούς
565 3428 629 3518 μὲν
655 3427 786 3497 ἀπιέναι
804 3433 920 3498 οίκαδε
938 3427 1116 3506 ἐθέλοντας

159 3540 210 3612 είς
235 3528 298 3620 τὴν
324 3538 453 3602 οἰκείαν
470 3529 657 3620 ἀποπέμψω
674 3525 695 3620 ἢ
714 3528 866 3612 ἐπανάξω
884 3525 1003 3608 αῦτός·
1036 3525 1116 3608 τοῦς
