2650 3948
461 249 645 302 ιαιειειε
664 252 690 314 1,
707 251 732 302 ε
1048 250 1088 314 11

130 385 218 478 πρός
233 392 296 457 τοῦ
312 394 466 478 ποταμοῦ
484 386 725 478 άπειργόμενα,
748 395 791 480 τῆ
809 389 847 460 δὲ
864 387 942 480 ὅρος
958 383 1087 480 ύπερά·

129 497 239 577 ψηλον
262 481 306 577 ήν
329 491 386 558 καὶ
402 491 545 578 κρημνοὶ
567 489 653 581 πρός
675 495 736 561 τοῦ
762 487 881 580 ὅρους,
908 491 992 560 ὥστε
1009 489 1091 562 ούδδ

131 591 187 660 ἐπὶ
202 590 376 681 τεσσάρων
389 589 543 660 ἀσπίδων
556 588 600 661 διν
612 597 660 684 τῷ
674 592 892 683 στρατεύματι
908 590 929 682 ῆ
943 591 1091 682 πάροδος

131 692 273 778 ἐγίνετο.
525 699 527 708 '

90 818 103 860 ε
197 792 306 864 Ἔνθα
330 792 373 882 δή
398 791 548 864 ἐκτάσσει
570 793 631 864 τόν
656 793 798 884 στρατόν
817 792 1032 883 Ἀλέξανδρος
1056 797 1090 877 ἐς
1110 801 1133 869 6

131 892 250 964 ἑκατόν
275 894 332 964 καί
356 905 460 964 είκοσι
481 893 519 964 τό
544 892 651 982 βάθος
673 901 732 984 τῆς
756 896 937 984 φάλαγγος.
973 897 1029 965 ἐπὶ
1051 894 1090 966 τό

72 985 85 1012 ’
129 996 228 1083 κέρας
238 995 276 1065 δὲ
287 998 494 1084 ἑκατέρωθεν
504 1001 693 1078 διακοσίους
707 998 827 1078 ίππέας
838 997 988 1080 ἐπιτάξας
1001 1023 1091 1088 παρ-

128 1095 271 1184 ήγγελλε
289 1103 365 1188 σιγῆ
379 1104 478 1186 ἐχειν,
498 1096 535 1167 τό
550 1097 866 1188 παραγγελλόμενον
878 1096 979 1180 ὀξέως
993 1104 1090 1187 δεχο-

129 1199 264 1286 μένους.
294 1199 351 1267 καί
363 1197 404 1267 τά
418 1198 481 1288 μὲν
498 1203 614 1287 πρῶτα
632 1198 797 1288 ἐσήμηνεν
813 1196 903 1287 ὀρθά
920 1197 1124 1270 άνατεῖναιῖ

91 1325 117 1366 ιο
130 1298 172 1368 τά
196 1298 321 1388 δόρατα
348 1297 428 1380 τούς
454 1297 610 1387 ὁπλίτας,
642 1306 754 1369 ἔπειτα
783 1297 850 1370 άπὸ
878 1300 1091 1390 ξυνθήματος

132 1398 304 1470 ἀποτεῖναι
330 1404 363 1482 ἐς
391 1401 578 1491 προβολήν,
602 1402 660 1470 καὶ
681 1406 749 1470 νῦν
772 1400 835 1489 μὲν
860 1403 892 1482 ἐς
916 1400 954 1470 τό
981 1401 1092 1484 δεξιόν

132 1505 282 1588 ἐγκλῖναι
297 1507 366 1572 τεόν
384 1499 535 1591 δοράτων
552 1501 614 1590 τήν
632 1501 839 1590 σύγκλεισιν,
863 1495 961 1583 αὖθις
979 1503 1017 1572 δὲ
1035 1504 1092 1572 ἐπὶ

130 1601 173 1672 τά
196 1599 362 1694 άριστερά.
394 1604 451 1672 καί
473 1601 581 1691 αύτῆν
607 1603 646 1672 δέ
671 1602 733 1692 τήν
756 1603 913 1692 φάλαγγα
937 1609 971 1684 ἐς
994 1631 1030 1672 τε
1053 1602 1091 1674 τό

132 1702 248 1790 πρόσω
265 1702 367 1788 όξέως
385 1707 517 1792 ἐκίνησε
532 1705 590 1773 καλ
608 1704 663 1774 ἐπὶ
678 1703 720 1774 τά
736 1705 858 1794 κέρατα
870 1703 989 1775 άλλοτε
1005 1700 1091 1796 άλλη

93 1832 120 1874 ιε
132 1804 314 1894 παρήγαγε.
354 1805 412 1874 καὶ
442 1803 531 1875 οὕτω
561 1805 686 1886 πολλάς
715 1805 822 1888 τάξεις
851 1805 950 1888 τάξας
975 1832 1012 1876 τε
1034 1807 1125 1874 καὶθ

132 1906 381 1996 μετακοσμήσας
406 1909 444 1976 ἐν
467 1903 571 2000 όλίγφ
595 1905 722 2000 χρόνῳ,
746 1905 830 1975 κατά
850 1904 889 1976 τδ
914 1903 1093 1996 εύάνυμον

133 2003 207 2078 οἷον
225 2013 367 2096 ἔμβολον
383 2007 522 2096 ποιήσας
539 2012 597 2096 τῆς
614 2007 787 2096 φάλαγγος
800 2011 923 2095 ἐπῆγεν
942 2009 996 2078 ἐπὶ
1011 2007 1093 2090 τούς

132 2117 321 2198 πολεμίους.
356 2115 391 2179 οί
405 2108 444 2178 δὲ
461 2108 562 2178 πάλαι
578 2107 642 2196 μεν
659 2108 848 2197 ἐθαύμαζον
872 2108 935 2196 τήν
957 2137 994 2179 τε
1009 2108 1092 2192 ὀξύ-

132 2238 214 2298 τητα
231 2203 376 2299 ὁρωντες
400 2210 457 2278 καὶ
479 2208 540 2279 τόν
563 2209 689 2297 κόσμον
705 2213 775 2279 τῶν
792 2211 989 2299 δρωμένων·
1018 2210 1093 2280 τότε

94 2340 120 2380 ιο
134 2312 173 2381 δέ
202 2309 433 2400 προσάγοντας
462 2308 529 2399 ήδη
558 2309 638 2392 τούς
668 2309 754 2400 ἀμφὶ
780 2308 1001 2401 Ἀλέξανδρον
1031 2309 1093 2380 οὐκ

135 2413 308 2500 ἐδέξαντο,
333 2410 417 2482 άλλά
443 2418 596 2480 λείπουσι
618 2409 698 2492 τούς
724 2411 876 2500 πρώτους
900 2411 1035 2500 λόφους,
1074 2409 1126 2480 όλ

134 2519 155 2583 δ
158 2515 174 2584 ἐ
189 2514 246 2582 καὶ
260 2513 462 2595 ἐπαλαλάξαι
475 2514 627 2582 ἐκέλευσε
642 2511 724 2593 τούς
738 2509 940 2593 Μακεδόνας
952 2512 1092 2593 καὶτοῖς

134 2614 253 2704 δόρασι
266 2620 431 2703 δουπῆσαι
445 2612 528 2704 πρός
539 2611 599 2694 τάς
616 2610 776 2694 άσπίδας·
794 2618 830 2684 οί
840 2614 878 2683 δὲ
896 2613 1094 2684 Ταυλάντιοι

134 2723 185 2786 ἐτι
206 2721 333 2806 μᾶλλον
351 2717 569 2803 ἐκπλαγέντες
586 2713 672 2804 πρός
688 2719 747 2802 τῆς
763 2719 845 2803 βοῆς
863 2712 907 2796 δς
925 2713 1009 2804 πρός
1030 2714 1093 2802 τήν

97 2844 123 2884 ει
137 2816 235 2888 πόλιν
253 2817 467 2905 ἐπανήγαγον
484 2821 619 2906 σπουδή
635 2815 696 2886 τόν
713 2813 866 2906 στρατόν.

207 2917 422 3008 Ἀλεξανδρος
452 2917 490 2987 δέ
519 2917 626 3006 λόφον
658 2915 749 2996 τινάς
777 2919 975 3007 κατέχοντας
1009 2915 1127 2987 ίδάνῖ

135 3017 177 3090 ού
195 3019 341 3100 πολλοὺς
357 3025 426 3088 τῶν
443 3025 622 3107 πολεμίων,
641 3015 722 3106 παρ’
741 3014 783 3086 ὃν
796 3013 890 3111 αύτῷ
906 3013 928 3108 ή
946 3018 1093 3109 πάροδος

137 3126 304 3210 ἐγίγνετο,
335 3120 535 3210 παρήγγειλε
563 3133 632 3199 τοῖς
663 3119 919 3208 σωματοφύλαξι
943 3121 1093 3202 καὶτοῖς

135 3219 219 3312 ἄμφ’
240 3219 344 3292 αὐτόν
357 3223 508 3312 ἑταίροις,
526 3218 755 3306 ἀναλαβόντας
771 3219 830 3302 τάς
847 3219 991 3302 ἀσπίδας
1008 3219 1093 3291 ιἰνα·

98 3349 124 3389 ιο
136 3331 266 3412 βαίνειν
286 3323 340 3392 ἐπὶ
355 3322 436 3404 τούς
452 3326 577 3402 ἵππους
594 3322 651 3390 καὶ
669 3321 820 3392 ἐλαύνειν
838 3323 894 3392 ἐπὶ
911 3321 973 3392 τόν
990 3322 1092 3411 γήλο-

136 3443 217 3512 φον·
245 3427 352 3496 ἐκεῖσε
369 3423 407 3494 δὲ
425 3422 604 3509 ἐλθόντας,
632 3427 665 3491 εί
678 3420 876 3511 ὑπομένοιεν
893 3429 928 3493 οί
942 3431 1092 3509 κατειλη-

134 3525 234 3610 φότες
250 3525 288 3595 τό
305 3531 441 3615 χωρίον,
460 3522 540 3604 τούς
552 3521 690 3612 ῆμίσεας
702 3529 933 3613 καταπηδῆσαι
945 3522 1010 3592 άπδ
1023 3528 1093 3591 τοῖν
