2664 3946
496 249 677 302 ΑΝΑΒΔΣΙΣ
693 253 719 310 4,
738 252 779 305 14.
1060 247 1117 309 171

232 402 485 492 Ἀριστόβουλος
514 405 577 494 μὲν
607 406 696 492 λέγει
721 403 771 473 ότι
795 405 852 474 καὶ
881 405 1119 491 Καλλισθένην
1132 410 1168 473 14

160 507 282 593 έπάραι
299 511 387 595 σφᾶς
406 511 535 594 ἔφασαν
554 510 587 587 ές
605 506 641 576 τό
659 507 823 595 τόλμημα·
844 509 900 575 καὶ
915 513 1121 593 Πτολεμαῖος

161 605 321 687 ῶσαύτως
348 607 444 694 λέγει.
481 611 516 676 ολ
540 608 578 676 δὲ
604 609 722 678 πολλοὶ
749 605 789 676 ού
815 607 922 696 ταύτη
950 607 1121 692 λέγουσιν,

161 706 248 777 ἀλλά
275 707 330 776 διά
356 722 454 795 μῖσος
480 707 546 798 γάρ
572 709 611 777 τὸ
634 707 699 796 ἤδη
723 705 763 777 όν
787 709 872 795 πρὸς
885 708 1122 794 Καλλισθένην

133 811 195 891 εέξ
210 807 433 895 Ἀλεξάνδρου
459 811 516 878 καλ
542 807 593 878 ότι
618 808 832 898 όἙρμόλαος
859 812 892 888 ές
914 809 955 877 τά
981 808 1122 896 μάλιστα

162 911 342 996 ἐπιτήδειος
355 903 399 996 ἦν
412 911 459 1001 τῷ
475 911 712 998 Καλλισθένει,
729 907 771 978 ού
785 913 938 997 χαλεπῶς
949 913 1123 978 πιστεύσαι

160 1011 202 1081 τά
225 1019 324 1099 χείρω
347 1008 435 1098 ύπὲρ
454 1011 706 1090 Καλλισθένους
721 1007 948 1099 Ἀλέξανδρον.
994 1009 1058 1099 ἤδη
1083 1009 1154 1078 θέε

160 1139 248 1192 τινες
260 1113 317 1179 καὶ
330 1111 410 1180 τάδε
423 1110 632 1200 ἀνέγραψαν,
646 1108 895 1200 τόυῈρμόλαον
909 1113 1122 1201 προαχθέντα

163 1216 196 1292 ές
220 1210 303 1292 τούς
322 1213 527 1293 Μακεδόνας
553 1211 732 1301 ὁμολογεῖν
756 1238 792 1281 τε
818 1216 1055 1301 έπιβονλεύσαι
1075 1250 1121 1262 -

124 1341 150 1381 ιο
163 1315 221 1382 καὶ
247 1313 313 1400 γάρ
338 1311 403 1382 ούκ
429 1311 515 1382 εἶναι
540 1320 588 1383 έτι
614 1314 782 1405 ἐλευθέρῳ
809 1312 910 1400 ἀνδρὶ
927 1315 1043 1402 φέρειν
1059 1313 1122 1418 τὴμ

161 1412 262 1503 ύβριν
279 1412 342 1501 την
356 1411 575 1504 Ἀλεξάνδρου
596 1453 640 1464 -
660 1414 771 1483 πάντα
788 1416 1034 1502 καταλέγοντα,
1059 1414 1122 1501 τήν

162 1543 198 1584 τε
226 1514 360 1586 Φιλιότα
387 1513 451 1584 ούκ
477 1520 610 1585 ἔνδικον
639 1515 801 1602 τελευτὴν
825 1517 882 1584 καὶ
908 1519 968 1585 τοῦ
995 1515 1122 1603 πατρός

162 1614 269 1685 αὐτοῦ
285 1623 526 1704 Παρμενίωνος
545 1622 593 1686 ἔτι
611 1616 842 1706 ἐκνομωτέραν
856 1617 912 1684 καλ
928 1619 996 1684 τῶν
1010 1613 1122 1684 ἀλλων

161 1721 230 1786 τῶν
255 1717 331 1787 τότε
350 1717 607 1804 ἀποθανόντων,
635 1717 692 1784 καὶ
717 1717 779 1805 τὴν
798 1723 942 1786 Κλείτου
970 1719 1006 1786 έν
1032 1717 1121 1806 μέθη

125 1846 150 1886 τε
164 1816 348 1906 ἀναίρεσιν,
373 1819 432 1887 καὶ
457 1816 520 1905 τὴν
547 1819 672 1904 ἐσθῆτα
697 1818 760 1905 τὴν
778 1817 953 1906 Μηδικήν,
979 1819 1036 1886 καὶ
1060 1818 1122 1903 τὴν

163 1916 393 2006 προσκύνησιν
423 1918 484 2007 τὴν
510 1925 759 2006 βουλευθεῖσαν
784 1919 840 1987 καὶ
867 1917 962 1987 ούπω
989 1943 1119 1988 πεπαυ-

163 2021 281 2108 μένην,
297 2021 355 2088 καὶ
372 2019 497 2100 πότους
513 2045 550 2088 τε
567 2020 624 2089 καὶ
640 2017 774 2100 ύπνους
791 2019 871 2099 τούς
882 2015 1120 2109 Ἀλεξάνδρου·

162 2125 269 2190 ταῦτα
285 2118 327 2190 ού
352 2121 500 2210 φέροντα
517 2126 567 2189 έτι
584 2123 810 2210 ἐλευθερῶσαι
827 2123 983 2207 ἐθελῆσαι
1000 2119 1123 2191 έαυτόν

163 2249 199 2290 τε
212 2223 269 2290 καὶ
282 2219 362 2301 τούς
376 2220 498 2302 ἀλλους
512 2221 727 2301 Μακεδόνας.
749 2223 872 2291 τούτου
884 2222 947 2308 μέν
962 2223 1004 2308 δὴ
1016 2220 1124 2292 αύτόν
1141 2241 1157 2288 3

125 2349 199 2391 τοτε
217 2323 273 2390 καὶ
290 2322 370 2402 τούς
388 2321 450 2401 ξύν
468 2321 559 2415 αύτῷ
580 2323 834 2411 ξυλληφθέντας
853 2328 1123 2409 καταλευσθῆναι

164 2425 248 2512 πρὸς
264 2425 334 2492 τῶν
351 2423 538 2512 παρόντων.
569 2420 807 2511 Καλλισθένην
820 2422 858 2491 δέ
869 2417 1122 2510 Ἀριστόβουλος

163 2525 225 2612 μὲν
249 2525 338 2610 λέγει
360 2525 538 2612 δεδεμένον
565 2527 602 2593 έν
628 2525 743 2618 πέδαις
766 2523 1051 2612 ξυμπεριάγεσθαι
1080 2527 1122 2612 τῇ

164 2629 319 2716 στρατιᾷ,
344 2629 455 2694 ἔπειτα
472 2625 563 2717 νόσφ
586 2627 796 2713 τελευτῆσαι,
818 2633 1024 2712 Πτολεμαῖος
1049 2621 1123 2693 δἐὁ

163 2727 281 2813 Λάγον
309 2727 564 2817 στρεβλωθέντα
589 2725 646 2794 καὶ
670 2727 901 2814 κρεμασθέντα
924 2724 1121 2794 ἀποθανεῖν.

126 2825 273 2907 τοούτως
298 2824 381 2896 ούδὲ
407 2832 444 2896 οἱ
467 2827 559 2896 πάνυ
585 2829 695 2895 πιστοὶ
723 2829 756 2906 ές
782 2827 843 2915 τὴν
873 2825 1041 2914 ἀφήγησιν
1066 2827 1124 2896 καὶ

164 2927 401 3015 ξυγγενόμενοι
415 2929 452 2996 έν
468 2930 515 3020 τῷ
533 2927 608 2996 τότε
618 2924 827 3020 Ἀλεξάνδρφ
844 2921 933 3016 ύπὲρ
950 2933 1020 2995 τῶν
1033 2955 1124 3015 γνω-

165 3035 272 3117 ρίμων
297 3056 333 3098 τε
358 3031 415 3097 καὶ
441 3026 481 3097 οά
508 3027 686 3098 λαθόντων
712 3032 800 3112 σφᾶς
824 3025 914 3109 ὅπως
938 3027 1123 3118 διεπράχθη

164 3130 329 3218 ξύμφωνα
346 3129 551 3218 ἀνέγραψαν.
585 3129 692 3198 πολλοὶ
710 3129 748 3198 δέ
764 3130 822 3198 καὶ
835 3125 920 3198 ἀλλα
934 3127 1023 3216 ὑπὲρ
1040 3130 1121 3198 τού·
1141 3146 1160 3193 4

164 3259 231 3301 των
259 3225 374 3300 αύτῶν
404 3229 498 3299 ἄλλοι
527 3229 637 3310 άλλως
674 3229 908 3318 ἀφηγήσαντο·
946 3229 1022 3299 ἀλλ’
1051 3232 1124 3317 έμοὶ

127 3354 152 3395 ιο
164 3337 270 3402 ταῦτα
288 3329 488 3420 ἀποχρῶντα
508 3337 591 3400 έστω
610 3328 897 3420 ἀναγεγραμμένα.
937 3331 1125 3417 ταῦταμὲν

164 3432 206 3520 δὴ
225 3430 266 3502 ού
285 3438 397 3524 πολλῶ
415 3429 559 3520 ὕστερον
572 3432 767 3519 πραχθέντα
786 3433 851 3518 έγῶ
871 3435 908 3501 έν
924 3436 1037 3501 τοῖσδε
1054 3445 1124 3511 τοῖς

165 3531 252 3619 ἀμφὶ
270 3540 413 3603 Κλεῖτον
437 3535 685 3620 ξυνενεχθεῖσιν
706 3530 913 3620 Ἀλεξάνδρῳ
937 3530 1123 3618 ἀνέγραψα,
