2650 3948
475 265 708 330 mmmm,
729 267 770 318 14.
1057 262 1098 328 27
1158 262 1160 266 ·

139 399 253 494 ἡγεῖτο
271 402 430 493 Νικάνωρ
454 401 473 474 ό
492 412 749 495 Παρμενίωνος·
787 406 842 475 ἐπὶ
867 405 906 476 δὲ
926 405 1055 487 τούτοις
1078 403 1100 494 ἡ

140 513 334 596 Περδίκκου
351 511 413 574 τού
433 504 592 597 Ὀρόντου
611 507 758 595 φάλαγξ·
795 507 849 576 ἐπὶ
873 507 909 577 δὲ
933 505 1099 597 ἡΚοίνου

139 613 202 676 τοῦ
227 605 519 696 Πολεμοκράτους·
552 609 607 677 ἐπὶ
630 608 669 677 δὲ
692 606 713 696 ἡ
738 610 912 699 Κρατέρου
930 612 993 678 τού
1006 607 1100 679 Ἀλε-

140 708 304 792 ξάνδρου·
342 708 396 777 ἐπὶ
414 707 452 778 δέ
467 707 489 796 ἡ
504 707 673 798 Ἀμύντου
690 715 753 778 τού
768 709 1026 800 Ἀνδρομένους·
1046 709 1100 779 ἐπλ

112 811 180 883 ιδὲ
200 803 248 878 όν
267 814 432 889 Φίλιππος
449 807 646 899 δἈμύυτου
663 803 755 900 ἦρχε.
785 817 847 880 τού
865 812 903 881 δέ
921 805 1100 900 εὐωνύμου
1118 835 1135 882 ε

140 917 266 1000 πρῶτοι
282 910 345 999 μὲν
363 916 398 980 οί
409 912 567 980 Θετταλοὶ
586 916 698 992 ίππεῑς
717 912 906 1001 ἐτάχθησαν
924 905 972 982 οἷο
989 910 1101 1000 ἡγεῖτο

139 1013 257 1094 Κάλας
279 1006 496 1098 ὁἈρπάλου·
533 1013 588 1081 ἐπὶ
606 1011 644 1082 δέ
660 1013 790 1094 τούτοις
808 1019 843 1083 οί
860 1011 1025 1103 ξύμμαχοι
1043 1018 1058 1082 ί
1082 1051 1101 1061 -

139 1130 236 1202 πεῑς,
269 1106 317 1183 τόν
341 1106 422 1205 ἦρχε
443 1121 608 1194 Φίλιππος
633 1111 651 1183 ὁ
671 1114 871 1185 Μενελάου·
892 1116 947 1184 ἐπὶ
964 1115 1003 1184 δὲ
1020 1113 1101 1184 τού·
1226 1177 1227 1180 ,

139 1243 208 1298 τοις
226 1219 261 1285 οἱ
272 1221 413 1306 Θρᾷκες,
432 1207 482 1285 ύν
494 1208 596 1304 ἦρχεν
610 1213 782 1301 Ἀγάθων·
805 1215 952 1305 ἐχόμενοι
970 1215 1007 1286 δὲ
1020 1214 1102 1286 τούη

100 1350 127 1390 ιο
139 1345 209 1387 των
227 1317 317 1400 πεζοὶ
329 1316 358 1405 ἦ
373 1344 409 1386 τε
426 1319 601 1406 Κρατέρου
627 1316 758 1406 φάλαγξ
784 1311 879 1405 καὶὴ
899 1317 1101 1406 Μελεάγρου

140 1416 242 1506 καὶὴ
270 1425 441 1488 Φιλίππου
466 1421 540 1486 ἐστε
567 1418 621 1486 ἐπὶ
651 1414 689 1486 τδ
712 1421 817 1507 μέσον
839 1423 899 1507 τῆς
926 1419 1102 1506 ξυμπάσης

140 1519 273 1602 τάξεως.

218 1626 364 1708 Περσων
378 1620 416 1690 δέ
430 1625 542 1702 ίππείς
556 1620 618 1709 μὲν
635 1614 723 1709 ἦσαν
738 1625 770 1702 ἐς
785 1626 996 1711 δισμυρίους,
1015 1622 1103 1703 ξένοι
1118 1640 1136 1690 4

142 1721 182 1792 δὲ
199 1724 288 1806 πεζοὶ
311 1723 513 1812 μισθοφόροι
537 1721 653 1809 ὀλίγον
677 1721 875 1804 άποδέουτες
900 1729 1102 1812 δισμυρίων·

101 1855 130 1896 ιε
145 1824 334 1912 ἐτάχθησαν
357 1822 473 1912 δὲτὴν
490 1823 553 1912 μὲν
571 1829 675 1894 ἵππον
692 1832 952 1913 παρατείναντες
974 1829 1021 1917 τῷ
1039 1848 1103 1892 πο-

142 1932 235 2018 ταμῷ
259 1922 343 1994 κατά
366 1923 429 2012 τὴν
452 1924 560 2014 ὄχθην
585 1927 640 1994 ἐπὶ
662 1925 820 2012 φάλαγγα
841 1923 992 2017 μακράν,
1022 1922 1104 2005 τούς

145 2027 184 2096 δέ
206 2025 323 2110 πεζούς
342 2025 481 2095 κατόπιν
498 2034 567 2096 τῶν
585 2028 731 2096 ίππέωυ·
766 2027 823 2095 καὶ
844 2025 908 2116 γάρ
925 2025 1104 2116 ὑπερδέξια

142 2121 187 2217 ἦν
203 2127 243 2197 τά
261 2126 349 2215 ύπέρ
362 2126 425 2216 τὴν
438 2124 548 2216 ὄχθην
564 2135 680 2217 χωρία.
711 2119 735 2218 ᾖ
753 2127 792 2198 δέ
806 2123 1024 2218 Ἀλέξανδρον
1038 2123 1103 2196 αύ-

143 2228 205 2298 τόν
221 2229 407 2318 καθεώρων
420 2227 536 2318 (δῆλος
550 2229 615 2316 γάρ
632 2221 676 2317 ἦν
693 2235 763 2297 τῶν
778 2257 814 2298 τε
831 2229 946 2298 ὅπλων
958 2232 1001 2318 τῇ
1018 2237 1103 2316 λαμ-

101 2361 132 2402 κο
145 2330 283 2419 πρότητι
299 2332 355 2399 καὶ
371 2336 439 2399 τῶν
461 2325 542 2418 ἄμφ’
561 2329 668 2400 αύτδν
685 2335 727 2420 τῇ
746 2330 812 2400 σύν
830 2330 980 2418 ἐκπλήξει
997 2339 1104 2418 θερα-

145 2431 240 2522 πείᾳ)
271 2430 354 2501 κατά
380 2429 418 2500 τό
451 2429 629 2520 εύεόνυμου
660 2434 758 2519 σφων
790 2434 967 2520 ἐπέχοντα,
997 2429 1103 2522 ταύτη

144 2531 276 2613 πυκνάς
294 2535 454 2614 ἐπέταξαν
471 2538 514 2623 τῇ
531 2531 620 2622 ὄχθη
638 2531 698 2612 τάς
718 2541 791 2613 ίλας
807 2537 877 2602 τάν
895 2533 1035 2602 ἱππέων.

222 2633 357 2724 Χρόνον
381 2633 443 2723 μὲν
467 2634 509 2723 δὴ
533 2632 706 2724 άμφότερα
731 2631 772 2702 τά
796 2633 1025 2724 στρατεύματα
1049 2629 1138 2702 ἐπ’6

145 2734 251 2826 άκρου
274 2741 337 2805 τού
353 2742 504 2825 ποταμοῦ
532 2739 714 2824 ἐφεστῶτες
737 2733 806 2805 ύπδ
830 2741 892 2805 τού
914 2733 952 2804 τδ
981 2736 1105 2824 μέλλον

102 2868 132 2910 25
147 2836 263 2908 ὀκνεῖν
279 2835 425 2926 ἡσυχίαν
447 2830 532 2924 ἦγον
549 2839 606 2906 καὶ
624 2837 702 2925 σιγὴ
720 2829 764 2925 ἦν
782 2835 889 2924 πολλὴ
907 2833 969 2926 ἀφ’
991 2836 1104 2906 έκατέ-

145 2967 226 3028 ρων.
262 2943 298 3008 οί
320 2938 385 3030 γάρ
409 2941 539 3028 Πέρσαι
564 2941 772 3027 προσέμενον
788 2937 870 3020 τούς
888 2939 1105 3027 Μακεδόνας,

145 3040 245 3110 ὁπότε
270 3039 464 3127 ἐσβήσονται
488 3042 522 3120 ἐς
549 3039 610 3111 τδν
633 3040 759 3129 πόρον,
789 3038 834 3120 ὡς
865 3039 1106 3128 ἐπικεισόμενοι

147 3145 380 3230 ἐκβαίνουσιν·
411 3138 627 3232 Ἀλέξανδρος
653 3141 691 3210 δὲ
714 3136 933 3230 άναπηδήσας
965 3142 1021 3211 ἐπὶ
1046 3141 1140 3210 τδυσ

145 3247 252 3313 ἵππον
269 3243 326 3312 καὶ
343 3257 413 3324 τοῖς
431 3239 518 3331 ἀμφ’
538 3241 644 3312 αύτδν
665 3243 944 3332 ἐγκελευσάμενος
963 3245 1110 3312 ἕπεσθαί

104 3381 134 3422 ³0
147 3373 182 3414 τε
198 3345 256 3415 καὶ
273 3342 401 3434 άυδρας
419 3341 569 3431 ἀγαθούς
587 3353 759 3432 γίνεσθαι,
781 3342 860 3425 τούς
877 3343 940 3433 μέν
957 3343 1107 3434 προδρό-

146 3475 230 3535 μους
249 3447 370 3526 ίππέας
387 3447 444 3515 καὶ
460 3443 529 3534 μὴν
546 3447 602 3514 καὶ
619 3443 698 3526 τούς
717 3454 868 3526 Παίονας
886 3445 1108 3536 προεμβάλλει

146 3555 196 3628 είς
219 3545 280 3617 τόν
306 3545 457 3636 ποταμόν
489 3553 607 3636 ἔχοντα
631 3544 797 3635 Ἀμύνταν
822 3547 882 3617 τδν
905 3541 1106 3637 Ἀρραβαίου
