2664 3946
482 238 756 302 ΑΝΑΒΑΣιΣε,ιε.
1052 239 1113 304 125

155 376 338 466 άναλαβῶν
363 377 421 446 καί
446 377 510 464 τὴν
536 382 642 446 ἵππον
667 378 729 464 τὴν
757 379 923 469 ἑταιρικὴν
948 382 1006 449 καὶ
1031 382 1113 462 τούς

157 480 370 568 προδρόμους
388 481 509 558 ἱππέας
522 481 580 548 καὶ
598 479 679 560 τούς
693 479 869 567 Ἀγριᾶνας
882 482 939 550 καὶ
957 480 1037 563 τούς
1054 509 1113 551 το·

157 581 254 663 ξότας
271 579 324 670 ᾔει
337 583 471 669 σπουδῇ
490 581 552 668 τὴν
571 581 624 650 διά
643 585 712 650 τῶν
730 580 829 669 ὀρῶν.
863 581 908 662 ός
926 582 964 652 δὲ
979 585 1035 652 ἐπὶ
1053 584 1114 664 τὰς

158 683 268 762 πύλας
285 682 345 761 τάς
364 688 534 772 Περσίδας
559 681 716 771 άφίκετο,
740 683 988 773 καταλαμβάνει
1005 683 1113 754 αύτοῦ

131 783 410 873 ιἈριοβαρζάνην
423 785 484 853 τὸν
501 787 645 872 Περσῶν
663 784 849 873 σατράπην,
868 786 986 869 πεζούς
999 785 1062 875 μὲν
1081 791 1115 868 ἐς

156 893 454 974 τετρακισμυρίους
474 891 610 976 ἔχοντα,
634 888 755 966 ίππέας
772 886 810 956 δὲ
829 891 863 967 ἐς
882 889 1114 976 ἑπτακοσίους,

158 987 410 1072 διατετειχικότα
427 986 488 1067 τάς
512 987 624 1066 πύλας
646 989 704 1056 καὶ
723 985 830 1056 αύτοῦ
850 989 934 1077 πρὸς
951 995 998 1081 τῷ
1016 997 1116 1076 τείχει

159 1087 493 1175 ἐστρατοπεδευκότα,
513 1087 559 1168 οἱς
577 1099 701 1178 εἵργειν
717 1093 776 1175 τῆς
791 1090 943 1179 παρόδου
958 1090 1115 1172 Ἁλέξαν-

157 1195 250 1278 δρου.

122 1317 146 1356 ιο
240 1290 322 1361 Τότε
334 1289 396 1379 μὲν
410 1291 451 1378 δὴ
470 1289 577 1360 αύτού
591 1292 994 1378 κατεστρατοπεδεύσατο·
1021 1297 1062 1382 τῇ
1078 1293 1116 1364 δὲ
1133 1309 1148 1356 3

157 1389 321 1482 ύστεραίγ
345 1393 508 1474 ξυντάξας
534 1391 596 1478 τὴν
620 1393 778 1480 στρατιάν
802 1395 904 1480 ἐπῆγε
933 1397 981 1486 τῷ
1006 1403 1114 1481 τείχει.

160 1492 206 1573 οἱς
223 1492 262 1564 δὲ
279 1491 408 1584 άπορόν
425 1522 461 1563 τε
478 1495 532 1563 διά
551 1499 746 1582 δυσχωρίαν
765 1497 921 1581 ἐφαίνετο
939 1499 1117 1584 αἱρεθῆναι

159 1595 217 1662 καὶ
243 1595 370 1676 πολλάς
396 1595 527 1684 πληγάς
561 1600 597 1664 οί
620 1594 700 1683 ἄμφ’
729 1595 836 1664 αύτόν
863 1597 1054 1685 ἐλάμβανον
1082 1599 1116 1678 ἐξ

159 1694 362 1784 ὑπερδεξίου
379 1723 415 1766 τε
428 1705 555 1786 χωρίου
573 1698 630 1765 καὶ
648 1695 714 1765 άπὸ
728 1700 887 1786 μηχανῶν
904 1699 1115 1786 βαλλόμενοι,

121 1824 146 1866 ιε
158 1797 235 1866 τότε
243 1797 305 1885 μὲν
315 1795 485 1888 άποχωρεί
498 1803 531 1877 ἐς
544 1797 581 1866 τδ
596 1798 836 1886 στρατόπεδον·
862 1803 932 1868 τῶν
945 1799 983 1869 δὲ
992 1808 1115 1888 αίχμα-
1132 1812 1149 1862 4

159 1898 277 1967 λότων
294 1900 499 1988 φρασάντων
516 1899 623 1987 άλλην
640 1899 723 1970 ὁδόν
741 1900 906 1988 περιάξειν
923 1899 1046 1988 αὐτόν,
1070 1901 1115 1982 άς

160 2010 240 2069 είσω
258 2009 441 2089 παρελθεῖν
455 2005 525 2069 τῶν
543 2004 673 2088 πυλῶν,
694 2004 765 2071 ἐπεὶ
782 2018 940 2090 τραχεῖαν
952 2003 1015 2090 τὴν
1032 2003 1116 2073 ὁδὸν

159 2103 217 2170 καὶ
231 2105 351 2189 στενὴν
365 2102 522 2189 ἐπύθετο,
541 2102 715 2192 Κράτερον
728 2103 791 2190 μὲν
805 2104 911 2172 αὐτοῦ
925 2113 1117 2174 καταλείπει

161 2205 216 2271 ἐπὶ
246 2205 492 2292 στρατοπέδου,
515 2204 577 2292 τήν
604 2231 640 2272 τε
664 2203 771 2274 αύτοῦ
795 2205 892 2286 τάξιν
917 2211 1035 2292 ἔχοντα
1058 2208 1116 2276 καὶ

122 2303 223 2389 νοτίην
250 2304 453 2393 Μελεάγρου
476 2306 534 2373 καὶ
557 2309 626 2373 τῶν
645 2308 791 2387 τοξοτῶν
809 2304 948 2392 ὀλίγους
971 2309 1116 2376 καὶτῶν

162 2407 292 2476 ίππέων
308 2410 340 2486 ἐς
354 2414 608 2494 πεντακοσίους,
622 2408 679 2475 καὶ
693 2408 888 2496 προστάττει
902 2406 1010 2500 αύτῷ,
1026 2411 1116 2478 ἐπει·
1133 2424 1149 2474 σ

160 2507 225 2575 δάν
236 2507 535 2597 ἐκπεριεληλυθότα
545 2506 652 2577 αύτδυ
666 2519 823 2596 αίσθηται
835 2510 892 2576 καὶ
902 2509 1117 2596 προσάγοντα

159 2605 223 2696 ἥδη
236 2613 283 2700 τῷ
298 2610 511 2700 στρατοπέδῳ
524 2611 594 2676 τῶν
608 2612 752 2698 Περσῶν
766 2607 1004 2698 (αἰσθήσεσθαι
1018 2611 1057 2680 δὲ
1074 2610 1115 2680 ού

160 2713 325 2796 χαλεπῶς,
344 2727 505 2798 σημανεῖν
529 2710 595 2796 γάρ
618 2710 712 2801 αύτῷ
729 2711 789 2791 τάς
808 2709 1021 2801 σάλπιγγας),
1039 2713 1116 2782 τότε

122 2837 147 2876 ιτ
160 2809 199 2879 δὲ
216 2819 422 2899 προσβαλεῖν
438 2814 485 2902 τῷ
505 2819 620 2898 τείχει·
647 2810 750 2892 αύτός
768 2811 807 2882 δὲ
821 2812 1011 2902 προύχάρει
1027 2814 1115 2882 νύκ-

159 2938 240 2998 τωρ,
257 2914 315 2981 καὶ
329 2911 473 2982 διελθών
488 2909 567 2981 ὅσον
583 2913 702 2982 ἑκατὸν
716 2919 875 2994 σταδίους
888 2913 1116 3004 άναλαμβάνει

96 3043 104 3063 0
159 3013 241 3092 τούς
258 3011 471 3094 ύποισπιστάς
487 3015 544 3082 καὶ
567 3012 631 3100 τὴν
648 3021 840 3103 Περδίκκου
861 3016 955 3096 τάξιν
972 3018 1029 3086 καὶ
1046 3019 1116 3085 τῶν

159 3116 304 3196 τοξοτῶν
327 3114 408 3195 τούς
431 3114 664 3203 κουφοτάτους
686 3117 744 3184 καὶ
763 3118 844 3196 τούς
863 3113 1040 3206 Ἀγριᾶνας
1057 3119 1115 3188 καὶ

158 3218 228 3284 τῶν
247 3218 388 3304 ἑταίρων
406 3217 468 3305 τὴν
488 3225 564 3305 ίλην
580 3217 642 3304 τὴν
658 3217 833 3306 βασιλικὴν
845 3219 903 3286 καὶ
916 3227 1115 3309 τετραρχίαν

122 3343 147 3384 ιο
160 3317 245 3404 πρὸς
261 3317 368 3407 ταύτῃ
386 3327 469 3406 μίαν
489 3316 640 3406 ἱππικήν,
663 3319 721 3387 καὶ
739 3319 803 3400 ξύν
819 3318 951 3399 τούτοις
968 3317 1022 3409 ᾔει
1040 3323 1114 3389 ἐπι·

159 3417 294 3505 κάμψας
314 3417 359 3498 τός
378 3422 434 3488 ἐπὶ
451 3419 511 3500 τάς
535 3419 646 3498 πύλας
670 3416 713 3489 ἵν’
738 3424 774 3489 οί
793 3419 996 3508 αἰχμάλωτοι
1018 3411 1111 3509 ἦγον.

155 3516 324 3607 Ἀμύνταν
353 3519 391 3590 δὲ
419 3523 477 3590 καὶ
502 3519 657 3591 Φιλάταν
686 3522 745 3590 καὶ
768 3529 896 3591 Κοῖνον
921 3521 984 3612 τὴν
1006 3519 1147 3611 άλληυ6
