2678 3950
511 229 696 283 ΔΝΑΒΑΣΙΣ
714 231 740 294 ε,
757 233 780 281 ι.
1062 225 1124 291 247

164 387 256 470 ὅπως
282 392 317 459 ολ
340 386 474 478 μάντεις
503 389 692 476 ἐξηγοῦντο.
727 388 784 456 καὶ
813 384 929 474 ἐπιβάς
956 387 1015 473 τῆς
1041 385 1125 468 νεῶς

164 487 231 559 ιἰπδ
258 495 317 577 τῆς
336 489 474 582 πρῴρας
499 491 534 558 ἐκ
553 494 679 579 χρυσῆς
696 486 817 578 φιάλης
836 492 997 558 ἔσπενδεν
1016 491 1049 568 ἐς
1065 487 1126 557 τδν

167 593 335 682 ποταμόν,
367 590 428 660 τόν
461 618 496 660 τε
519 589 694 678 Ἀκεσίνην
725 589 1046 678 ξυνεπικαλούμενος
1077 593 1125 681 τῶ

164 684 322 782 ‘fficiam
350 691 465 761 ὅντινα
492 695 646 780 μέγιστον
674 681 814 780 [αό]τῶυ
839 689 952 759 ἄλλων
968 695 1126 779 ποταμῶν

140 793 366 881 ιξυμβάλλειν
398 796 444 885 τῷ
468 786 615 883 Ὺδάσπη
650 793 816 862 ἐπέπυστο
847 791 904 860 καὶ
937 788 978 860 ού
1011 791 1127 881 πόρρω

166 891 279 964 αὐτῶν
298 893 385 963 εἶναι
402 892 462 974 τάς
476 890 658 983 ξυμβολάς,
674 893 731 962 καὶ
749 894 809 962 τόν
820 887 941 980 Ἰνδόν,
961 894 995 972 ἐς
1012 891 1127 962 ὅντινα

166 991 371 1083 δἈκεσίνης
389 994 452 1076 ξύν
469 1000 518 1086 τῷ
534 993 682 1083 ’λ’δάσπη
702 993 863 1082 ἐμβάλλει.
893 994 947 1062 ἐπὶ
968 991 1007 1062 δέ
1024 987 1126 1082 Ἦραν

165 1103 242 1164 κλεί
264 1123 298 1164 τε
324 1101 371 1188 τῷ
388 1094 572 1184 προπάτορι
591 1102 731 1175 σπείσας
748 1095 804 1164 καὶ
815 1093 968 1184 ’Ἁμμωνι
983 1095 1040 1164 καὶ
1057 1107 1160 1174 τοίςε

167 1194 280 1277 ἄλλοις
297 1207 392 1278 θεοῖς
409 1195 499 1277 ὅσοις
518 1195 611 1288 αύτῷ
626 1197 729 1286 νόμος
743 1198 886 1285 σημῆναι
901 1197 934 1275 ἐς
948 1191 1129 1282 άναγωγῆν

129 1325 155 1366 ιο
167 1296 295 1367 κελεύει
311 1303 353 1387 τῆ
371 1298 538 1386 σάλπιγγι.
578 1297 647 1386 ἅμα
664 1323 700 1383 τε
718 1295 759 1384 δῆ
781 1295 952 1385 ἐσημάνθη
969 1297 1025 1365 καὶ
1043 1294 1127 1384 άυῆ·

167 1425 267 1486 γοντο
295 1400 332 1467 ἐν
357 1399 483 1492 κόσμῳ.
528 1398 737 1487 παρήγγελτο
763 1398 827 1485 γάρ
847 1395 900 1484 ἐφ’
929 1395 1018 1468 ὅσων
1035 1423 1071 1466 τε
1089 1397 1129 1465 τὰ

168 1499 361 1588 σκευοφόρα
385 1509 487 1570 πλολα
515 1503 616 1588 ἐχρῆν
641 1500 797 1587 τετάχθαι
819 1499 876 1567 καλ
896 1491 952 1587 ἐφ’
980 1496 1070 1568 ὅσων
1086 1495 1128 1566 τά

171 1599 368 1687 ἱππαγωγά,
401 1598 454 1688 ἐφ’
484 1598 575 1672 ὅσων
599 1627 636 1670 τε
660 1601 719 1682 τάς
745 1606 910 1689 μαχίμους
935 1602 1005 1669 τῶν
1030 1600 1130 1685 νεῶν,

169 1699 216 1781 ῶς
242 1699 287 1789 μῆ
314 1709 516 1791 συμπίπτειν
543 1699 702 1789 ιἰλλῆλαις
727 1701 810 1770 κατά
838 1699 899 1771 τόν
925 1699 1032 1789 πόρον
1056 1704 1129 1787 είιιῆ

131 1830 157 1872 ιε
171 1801 354 1883 πλεούσας·
394 1803 450 1872 καὶ
476 1816 550 1883 ταῖς
582 1802 871 1891 ταχυναυτούσαις
897 1801 1042 1891 φθάνειν
1067 1800 1130 1870 ούιι

171 1907 282 1992 ἐφίετο
314 1906 376 1986 ἔξω
409 1907 467 1993 τῆς
498 1904 631 1986 τάξεως.
677 1897 720 1991 ῆν
752 1904 790 1974 δὲ
817 1902 836 1973 ό
861 1930 896 1973 τε
921 1903 1047 1984 κτύπος
1072 1906 1164 1990 τῆςς

171 2012 317 2094 εἰρεσίας
334 2005 452 2076 ούδενλ
470 2004 561 2097 άλλφ
581 2004 706 2092 εὀικῶς,
734 2003 790 2075 ἅτε
807 2003 872 2075 ἀπό
891 2010 1027 2075 πολλῶν
1043 2009 1133 2074 νεῶν

171 2110 210 2177 ἐν
235 2101 349 2198 ταύτῶ
377 2109 619 2196 ἐρεσσομένων,
649 2108 706 2176 καὶ
737 2105 799 2194 βοῆ
826 2105 892 2177 ιἰπό
917 2132 954 2176 τε
979 2111 1048 2176 τῶν
1073 2130 1131 2175 κε-

172 2215 325 2276 λευστῶν
354 2208 556 2278 ἐνδιδόντων
580 2207 640 2288 τὰς
666 2207 771 2297 ἀρχάς
793 2235 828 2276 τε
853 2207 909 2276 καὶ
936 2206 1132 2288 άναπαύλας

133 2337 159 2377 ιο
173 2314 231 2396 τῆς
259 2316 404 2396 εἰρεσίας
430 2310 486 2378 καὶ
511 2313 580 2378 τῶν
608 2312 731 2396 ἐρετῶν
758 2301 858 2378 ὁπότε
883 2305 1005 2396 άθρόοι
1031 2311 1132 2394 ἐμπί-

171 2434 308 2489 πτοντες
325 2412 372 2502 τῷ
392 2413 500 2501 ῥοθίῳ
520 2410 774 2491 ἐπαλαλάξειαν·
802 2415 840 2480 αλ
855 2436 890 2478 τε
908 2404 1020 2496 ὄχθαι,
1037 2401 1142 2505 δύη--

172 2511 303 2597 λότεραι
327 2515 396 2578 τῶν
419 2516 509 2579 νεῶν
525 2516 676 2596 πολλαχῆ
694 2502 806 2600 ούσαι,
833 2512 866 2591 ἐς
884 2509 1003 2580 στενόν
1020 2537 1055 2578 τε
1071 2511 1133 2598 τῆν

171 2609 256 2698 βοὴν
283 2609 499 2698 ξυνάγουσαι,
525 2612 583 2680 καὶ
600 2615 641 2701 τῆ
661 2615 840 2700 ξυναγωγῇ
868 2610 956 2700 αύτῆ
977 2611 1031 2679 ἐπὶ
1048 2612 1133 2700 με’γα

171 2710 363 2800 ηὐξημένην
396 2714 429 2792 ἐς
463 2711 610 2800 άλλῆλας
636 2709 864 2800 άντέπεμπον,
901 2718 962 2780 καί
984 2736 1051 2781 που
1077 2711 1134 2781 καλ

134 2846 160 2887 25
173 2812 277 2880 νάπαι
305 2813 510 2901 ἑκατέρωθεν
535 2817 597 2882 τού
624 2817 775 2901 ποταμοῦ
802 2817 844 2902 τῆ
870 2838 905 2881 τε
932 2815 1052 2904 ἐρημίᾳ
1077 2813 1133 2881 καί

172 2917 213 3003 πῆ
242 2909 438 3001 άντιπέμύει
469 2919 530 2983 τού
556 2913 687 2983 κτύπου
719 2913 776 2983 καὶ
803 2906 899 2983 αὗται
925 2913 1135 3002 ξυνεπελάμ-

173 3022 296 3103 βανον·
324 3019 413 3085 οἵτε
431 3019 527 3084 ’ίπποι
544 3015 794 3104 διαφαινόμενοι
821 3015 875 3084 διά
893 3019 963 3084 τῶν
981 3019 1135 3102 ίππαγω·
1151 3045 1169 3094 4

174 3119 248 3201 γῶν
265 3123 403 3203 πλοίων,
430 3112 472 3185 ού
491 3115 642 3203 πρόσθεν
669 3122 765 3186 ’ίπποι
791 3116 846 3186 ἐπὶ
864 3121 953 3186 νεῶν
970 3115 1136 3204 ὀφθέντες

176 3220 215 3287 ἐν
241 3219 282 3306 τῆ
304 3215 421 3286 Ἰνδῶν
447 3223 492 3308 γῆ
519 3214 590 3305 (καί
617 3217 682 3306 γάρ
708 3219 765 3287 καλ
791 3216 851 3288 τόν
878 3217 1051 3289 Διονύσου
1080 3213 1131 3286 ἐπ’

135 3317 301 3398 ωἸνδούς
334 3317 454 3388 στόλον
480 3316 543 3387 ούιι
570 3319 731 3408 ἐμέμνητο
757 3320 916 3405 γενέσθαι
947 3313 1136 3406 ναυτικόν),

178 3420 334 3506 ἔκπληξιν
360 3435 520 3508 παρεῖχον
545 3435 615 3500 τοῖς
641 3420 823 3508 θεωμένοις
849 3425 918 3488 τῶν
944 3417 1136 3507 βαρβάρων,

176 3517 260 3590 ῶστε
287 3524 322 3588 οί
345 3519 407 3609 μὲν
439 3519 554 3591 αὐτῶν
587 3519 736 3591 αύτόθεν
767 3526 808 3612 τῆ
841 3514 1002 3610 άναγυγῆ
1029 3544 1134 3603 παρα·
