2678 3950
224 246 287 313 262
581 244 830 302 Αλεωεαεεοτ

224 410 327 476 κεδου
365 369 419 474 ἐπὶ
450 419 524 484 ταῖς
557 405 739 492 ξυμβολαῖς
765 407 827 472 τού
852 429 889 471 τε
911 401 1098 489 Ὑδραιότου
1124 404 1190 472 καί

224 512 287 575 τού
301 505 485 592 Ἀκεσίνου,
513 508 570 574 ἵνα
584 502 793 591 ἩφαιστίωνΙ
812 529 849 572 τε
876 504 931 572 ἐπὶ
948 508 1007 591 τῆς
1026 506 1188 591 στρατιᾶς

224 598 267 692 ίγν
293 607 350 674 καλ
367 607 519 694 Νέαρχος
544 603 582 674 τό
599 605 760 675 ναυτικόν
786 602 879 696 αύτῷ
898 602 1012 693 εἶχεν),
1040 603 1085 684 ἀς
1102 606 1188 673 ἐπέ-

224 715 320 790 λαζεν
343 706 365 796 η
391 713 475 787 ναῦς
500 702 565 793 ἤδη
590 710 637 798 τῷ
656 707 870 798 στρατοπέδφ
887 705 947 774 τόν
964 705 1100 793 βασιλέα
1117 706 1186 792 φέ-

225 829 349 897 ρουσα,
382 807 509 877 κελεύει
538 806 580 894 δὴ
612 804 750 895 ἀφελεῖν
781 805 843 893 τὴν
877 807 1004 894 σκηνὴν
1030 803 1096 875 ἀπό
1122 807 1217 892 τῆςε

191 909 398 998 επρύμνης,
433 905 477 988 ὡς
511 908 705 997 καταφανὴς
739 905 825 977 εἶναι
850 912 960 977 πᾶσιν.
1012 913 1048 976 οί
1070 906 1109 975 δέ
1135 913 1188 976 ἔτι
1308 931 1309 990 ῖ

224 1009 409 1098 ἠπίστουν,
436 1007 482 1089 ύς
508 1015 631 1101 νεκρού
657 1015 763 1097 δῆθεν
789 1009 1003 1097 κομιζομένου
1027 1005 1185 1089 Ἀλεξάν-

225 1117 322 1201 δρου,
350 1117 432 1197 πρίν
457 1137 496 1197 γε
522 1109 564 1198 δὴ
591 1109 824 1199 προσσχούσης
849 1115 909 1197 τῆς
931 1111 1017 1190 νεός
1033 1112 1073 1200 τῇ
1092 1107 1184 1199 ὄχθη

225 1210 243 1281 ὁ
269 1211 332 1300 μὲν
357 1211 418 1298 τὴν
444 1226 538 1300 χεῖρα
571 1210 739 1282 ἀνέτεινεν
766 1213 800 1292 ἐς
831 1211 868 1279 τό
896 1217 1040 1299 πλῆθος·
1084 1216 1120 1280 οί
1145 1210 1184 1281 δέ
1309 1276 1310 1292 ,

225 1310 424 1401 ἀνεβόησαν,
452 1315 486 1392 ἐς
511 1315 569 1381 τὸν
587 1310 736 1400 ούρανδν
754 1311 955 1399 ἀνασχόντες
980 1311 1039 1393 τάς
1056 1326 1181 1402 χεῖρας,
1198 1339 1227 1378 ιο

224 1419 260 1483 οί
290 1413 328 1483 δέ
360 1415 444 1503 πρός
476 1411 583 1482 αὐτόν
605 1410 842 1502 Ἀλέξανδρον·
894 1421 1030 1494 πολλοῖς
1062 1411 1100 1482 δέ
1125 1415 1184 1482 καὶ

224 1515 357 1604 δάκρυα
384 1517 439 1584 ἐπὶ
464 1519 511 1604 τῷ
530 1511 716 1606 ἀνελπίστῳ
740 1512 913 1602 προεχύθη
938 1511 1087 1583 ἀκούσια.
1127 1515 1185 1582 καὶ

224 1622 260 1685 οἱ
283 1616 345 1703 μὲν
370 1619 439 1684 τῶν
466 1609 685 1684 ὑπασπιστῶν
712 1624 831 1704 κλίνην
853 1617 1062 1704 προσέφερον
1088 1613 1183 1707 αύτῷ

190 1717 461 1808 δίκκομιζομένφ
489 1719 526 1785 ἐκ
542 1721 600 1804 τῆς
625 1715 725 1797 νεεός·
762 1715 781 1785 ό
807 1715 846 1785 δέ
869 1716 928 1786 τόν
955 1721 1060 1786 ἵππον
1076 1739 1185 1804 προσ-

224 1832 365 1904 αγαγεῖν
390 1819 575 1904 ἐκέλευσεν,
602 1816 647 1897 ἀς
674 1817 712 1886 δέ
739 1815 855 1904 ἐπιβάς
877 1822 939 1886 τού
957 1823 1063 1888 ἵππου
1082 1815 1184 1906 ὤφθη
1198 1839 1226 1880 τε

224 1911 343 2006 αὖθις,
374 1917 483 2010 κρότφ
516 1916 558 2005 δὴ
591 1924 705 2011 πολλῷ
740 1917 966 2007 ἐπεκτύπησεν
1000 1917 1021 2006 ἡ
1048 1919 1185 2008 στρατιὰ

225 2021 333 2088 πᾶσα·
380 2015 548 2106 ἐπήχησαν
581 2019 619 2087 δὲ
650 2025 690 2089 αί
712 2046 748 2089 τε
774 2017 872 2107 ὄχθαι
897 2021 952 2088 καὶ
979 2025 1017 2088 αί
1041 2026 1185 2107 πλησίον

225 2117 340 2189 αύτοῑν
365 2120 477 2189 νάπαι.
518 2117 699 2208 προσάγων
726 2119 763 2189 δὲ
789 2120 852 2207 ἤδη
878 2126 920 2210 τῇ
947 2125 1054 2210 σκηνῇ
1080 2147 1183 2188 κατα-

224 2229 335 2309 βαίνει
360 2218 426 2291 ἀπδ
453 2226 516 2290 τού
538 2225 656 2310 ἵππου,
684 2219 767 2290 ὥστε
784 2223 841 2289 καὶ
860 2226 1005 2308 βαδίζων
1023 2220 1184 2310 ὀφθῆναι.

225 2327 260 2392 οί
284 2322 323 2392 δὲ
349 2324 505 2406 ἐπέλαζον
531 2320 631 2402 ἀλλος
657 2320 814 2407 ἄλλοθεν,
841 2326 877 2390 οί
902 2322 966 2410 μὲν
991 2326 1123 2412 χειρῶν,
1150 2329 1223 2394 οίεο

225 2423 263 2493 δὲ
288 2424 453 2512 γονάτων,
486 2428 522 2493 οί
545 2423 583 2494 δέ
607 2429 665 2512 τῆς
693 2427 831 2510 ἐσθῆτος
858 2421 962 2511 αὐτῆς
988 2419 1183 2512 ἁπτόμενοι·

225 2530 261 2593 οί
284 2525 322 2594 δέ
338 2528 394 2594 καὶ
420 2531 506 2595 ίδεϊν
525 2523 672 2612 ἐγγύθεν
689 2525 747 2594 καὶ
763 2551 796 2592 τι
813 2525 869 2592 καὶ
889 2522 1185 2614 ἐπευφημήσαντες

225 2624 402 2695 ἀπελθεῖν·
439 2631 476 2694 οί
499 2625 537 2694 δέ
563 2633 701 2706 ταινίαις
729 2631 883 2714 ἔβαλλον,
910 2629 946 2695 ol
968 2626 1006 2696 δέ
1033 2625 1185 2715 ἄνθεσιν,

225 2723 287 2795 ὅσα
314 2729 351 2795 ἐν
375 2730 422 2818 τῷ
449 2725 522 2794 τότε
547 2724 568 2813 ἡ
591 2723 708 2797 Ἰνδῶν
734 2731 777 2814 γῆ
803 2741 950 2815 παρεῖχε.

190 2847 208 2894 4
301 2828 454 2916 Νέαρχος
481 2825 519 2895 δέ
545 2828 633 2912 λέγει
649 2825 700 2896 ότι
723 2830 860 2914 χαλεποὶ
878 2827 971 2920 αύτῷ
988 2831 1058 2897 τῶν
1074 2836 1186 2917 φίλων
1199 2855 1226 2896 ετ

227 2928 381 3014 ἐγένοντο
408 2925 481 2996 ὅσοι
507 2926 655 3010 ε’κάκιζον
681 2925 731 2995 ὅτι
748 2926 851 3008 αύτός
869 2927 934 3020 πρό
953 2933 1012 3016 τῆς
1031 2936 1186 3019 στρατιᾶς

225 3027 431 3098 κινδυνεύοι·
464 3025 505 3095 ού
524 3024 589 3117 γόρ
615 3031 801 3118 στρατηγοῦ
828 3033 945 3117 ταῦτα,
971 3028 1056 3099 ἀλλά
1082 3052 1186 3120 στρα-

224 3129 342 3199 τιοίτον
370 3128 463 3198 εἶναι.
507 3135 567 3198 καί
589 3155 646 3218 μοι
662 3134 757 3198 δοκεῖ
779 3128 946 3217 ἄχθεσθαι
967 3127 1186 3222 Ἀλέξανδρος

224 3235 337 3300 τοῖσδε
362 3245 432 3311 τοῖς
458 3225 581 3318 λόγοις,
608 3227 657 3300 ὅτι
682 3229 820 3319 ἀληθεῖς
846 3259 881 3302 τε
906 3230 1006 3312 ὄντας
1025 3235 1187 3318 ἐγίνωσκε

225 3334 283 3401 καὶ
310 3329 417 3400 αύτόν
442 3325 598 3402 ύπαίτιον
624 3335 665 3421 τῇ
694 3332 882 3420 ἐπιτιμήσει.
925 3333 981 3401 καὶ
1000 3331 1089 3422 ὅμως
1115 3331 1184 3402 ύπό
1199 3357 1227 3400 εο

225 3432 348 3519 μένους
374 3456 410 3500 τε
435 3438 495 3501 τού
524 3435 561 3502 ἐν
586 3447 659 3512 ταῖς
685 3432 804 3520 μάχαις
830 3434 886 3502 καὶ
909 3438 971 3502 τοῦ
990 3439 1110 3523 ἔρωτος
1126 3440 1187 3522 τῆς

227 3531 337 3622 δόξης,
363 3531 516 3624 καθάπερ
542 3538 579 3602 οί
593 3531 694 3622 ἄλλης
711 3533 800 3615 τινός
817 3532 942 3622 ἡδονῆς
961 3534 1187 3625 ἐξηττώμενοι,
