2664 3946
222 240 281 306 156
574 240 824 302 ειεειιαιεον

185 405 368 492 ἐλογισμῷ
400 400 694 487 ξυνεσβάλλουσιν.
747 407 831 471 ἔνθα
867 400 909 491 δή
936 405 1137 492 προσλαβὼν
1163 398 1182 470 ό

220 503 432 588 Σπιταμένης
466 508 536 570 τῶν
571 507 721 573 Σκυθῶν
757 505 887 572 ίππέων
920 507 953 584 ἐς
988 505 1183 586 ἑξακοσίους

219 602 438 691 προσεπήρθη
477 601 547 672 ύπδ
586 605 644 690 τῆς
683 603 870 692 ξυμμαχίας
908 607 967 692 τής
1007 607 1182 692 Σκυθικῆς

220 705 380 786 δέξασθαι
407 703 560 784 ἐπιόντας
585 705 665 784 τούς
692 705 910 784 Μακεδόνας·
947 703 1180 792 παραταξάμε-

218 832 277 886 νος
316 803 355 874 δέ
394 807 430 875 ἐν
469 812 582 896 χωρίῳ
621 804 736 898 ὁμαλῷ
777 804 861 895 πρός
898 807 940 894 τή
975 805 1086 898 ἐρήμῳ
1120 810 1208 894 τήςε

221 910 395 992 Σκυθικῆς
421 899 602 994 ύπομεῑναι
626 905 690 994 μὲν
714 909 797 986 τούς
823 914 1004 995 πολεμίους
1030 905 1051 994 ή
1079 905 1182 986 αότός

221 1011 254 1087 ἐς
284 1005 411 1086 αύτούς
443 1009 599 1094 ἐμβαλεῖν
631 1005 696 1076 ούκ
727 1007 847 1096 ήθελε,
880 1008 1110 1096 περιϊππεύων
1144 1007 1182 1077 δέ

187 1127 202 1176 5
221 1109 374 1190 ἐτόξευεν
401 1110 434 1188 ἐς
458 1107 521 1196 τήν
539 1109 697 1197 φάλαγγα
719 1113 787 1179 τῶν
805 1111 922 1193 πεζῶν.
963 1111 1020 1178 καί
1040 1111 1181 1179 ἐπελαυ-

219 1209 350 1279 νόντων
376 1208 439 1296 μέν
464 1208 582 1289 αύτοῑς
607 1215 677 1278 τῶν
703 1209 791 1299 άμφί
811 1209 1013 1298 Φαρνούχην
1039 1217 1181 1300 ἔφευγεν

221 1311 385 1393 εὐπετῶς,
417 1305 473 1379 οἷα
506 1309 547 1397 δή
582 1308 759 1400 ὠκυτέρων
785 1338 820 1381 τε
846 1309 960 1390 αύτοτς
985 1314 1043 1380 καὶ
1071 1314 1108 1381 ἐν
1132 1317 1182 1404 τῷ
1195 1335 1222 1376 ιο

219 1411 294 1481 τότε
310 1406 539 1499 άκμαιοτέρων
558 1409 666 1479 όντων
690 1417 759 1482 τῶν
788 1418 915 1499 ἵππων,
939 1427 1011 1492 τοῖς
1037 1411 1068 1481 δ’
1095 1411 1182 1500 ἀμφὶ

216 1513 444 1600 Ἀνδρόμαχον
468 1509 537 1580 όπό
564 1539 599 1581 τε
623 1515 682 1600 τῆς
700 1515 860 1600 ξυνεχοῦς
886 1521 1023 1601 πορείας
1040 1515 1097 1588 καὶ
1115 1512 1182 1602 άμα

220 1617 315 1702 χιλοῦ
351 1611 477 1704 άπορίηι
510 1612 678 1682 κεκάκωτο
712 1613 733 1701 ή
761 1619 879 1694 ἵππος·
919 1613 1057 1700 μένουσι
1090 1613 1130 1683 δὲ
1160 1612 1181 1702 ή

186 1732 203 1780 6
219 1713 459 1802 ὑποχωροῦσιν
477 1714 644 1782 ἐπέκειντο
662 1713 838 1804 εύρεόστως
856 1719 891 1782 οί
908 1715 1070 1798 Σκύθαι,
1097 1721 1182 1786 ἔνθα

221 1815 264 1903 δή
290 1819 428 1884 πολλῶν
443 1813 506 1903 μέν
522 1817 796 1904 τιτρωσκομένων
823 1819 859 1884 ἐκ
876 1819 943 1884 τῶν
960 1816 1182 1904 τοξευμάτων,
1197 1837 1222 1878 1⁵

221 1923 290 1986 ἐστι
315 1914 348 1984 δ’
377 1906 425 1984 ῶν
450 1917 507 1985 καὶ
533 1915 726 1986 πιπτόντων
751 1920 784 1998 ἐς
806 1923 962 1986 πλαίσιον
982 1917 1182 2008 ἰσόπλευρον

220 2017 377 2100 τάξαντες
408 2016 488 2096 τούς
520 2017 721 2104 στρατιῶτας
748 2017 940 2107 άνεχῶρουν
967 2015 1012 2098 ῶς
1040 2021 1095 2088 ἐπὶ
1121 2019 1183 2088 τόν

220 2117 372 2206 ποταμὸν
403 2117 464 2186 τὸν
489 2125 744 2206 Πολυτίμητον,
779 2116 830 2186 ότι
854 2115 961 2200 νάπος
986 2120 1093 2209 ταύτῃ
1126 2113 1181 2208 ήν,

221 2218 266 2301 ῶς
291 2218 373 2307 μήτε
389 2235 460 2299 τοϊς
476 2219 659 2308 βαρβάροις
676 2219 812 2300 εύπετδς
832 2225 879 2288 ἔτι
896 2219 982 2289 εἶναι
1000 2220 1182 2302 ἐκτοξεύειν

223 2326 256 2403 ἐς
293 2319 439 2408 αύτούς,
472 2328 568 2408 σφίσι
599 2347 634 2390 τε
667 2325 703 2390 οί
725 2322 815 2404 πεζοὶ
842 2319 1087 2410 ῶφελιμῶτεροι
1113 2315 1182 2392 ῶσι.
1196 2341 1225 2382 ²⁰

189 2431 204 2479 ⁷
296 2421 454 2509 Κάρανος
504 2421 542 2490 δέ
587 2419 606 2490 ό
647 2421 813 2512 ἱππάρχης
855 2421 919 2491 οόκ
953 2422 1182 2503 άνακοινῶσας

216 2523 433 2616 Ἀνδρομάχῳ
460 2528 645 2611 διαβαίνειν
672 2528 864 2612 ἐπεχείρησε
890 2522 950 2592 τόν
967 2523 1119 2613 ποταμόν
1137 2522 1183 2602 ῶς

222 2627 255 2705 ἐς
281 2621 561 2714 άσφαλὲςταύτη
588 2623 805 2712 καταστήσων
830 2623 892 2711 τήν
918 2629 1039 2693 ἵππον·
1066 2627 1123 2694 καὶ
1149 2631 1186 2694 οί

222 2727 312 2808 πεζοὶ
331 2724 424 2815 αύτῷ
442 2725 735 2813 ἐπηκολούθησαν,
757 2723 822 2793 ούκ
840 2728 877 2794 ἐκ
894 2727 1183 2815 παραγγέλματος,

222 2826 309 2896 άλλά
336 2825 466 2915 φοβερά
490 2828 609 2894 τεκαὶ
635 2825 751 2895 ούδενῖ
776 2824 889 2918 κόσμῳ
917 2829 1048 2913 ἐγένετο
1066 2826 1225 2907 αύτοϊςιε

221 2927 243 3016 ή
278 2934 411 3015 ἔσβασις
444 2920 465 3013 ή
499 2929 532 3005 ἐς
565 2925 626 2994 τόν
665 2926 817 3014 ποταμὸν
854 2926 937 2996 κατά
975 2929 1182 3016 κρημνώδεις

188 3027 281 3108 8τάς
324 3025 440 3116 ὄχθας.
510 3028 567 3096 καὶ
610 3032 647 3096 οί
682 3027 843 3117 βάρβαροι
887 3029 1084 3118 αἰσθόμενοι
1121 3030 1183 3118 τήν

222 3129 389 3217 άμαρτίαν
406 3133 475 3196 τῶν
493 3125 706 3198 Μακεδόνων
732 3127 848 3209 αὐτοῖς
874 3134 988 3210 ἵπποις
1008 3137 1109 3201 ἐνθεν
1125 3132 1183 3200 καὶ

223 3237 324 3302 ἐνθεν
343 3229 564 3320 ἐσβάλλουσιν
591 3233 624 3310 ἐς
649 3229 710 3299 τόν
735 3227 851 3317 πόρον.
891 3233 948 3300 καί
975 3238 1012 3301 οί
1033 3232 1096 3320 μέν
1113 3236 1182 3301 τῶν

220 3330 285 3420 ήδη
312 3331 560 3420 διαβεβηκότων
585 3331 642 3400 καὶ
668 3329 939 3420 ἀποχωρούντων
972 3343 1117 3421 είχοντο,
1150 3337 1226 3402 οἵιο
1313 3413 1314 3416 ¹

222 3432 260 3504 δὲ
285 3432 366 3514 τούς
393 3439 630 3521 διαβαίνοντας
656 3431 876 3520 άντιμέτωποι
892 3436 1072 3520 ταχθέντες
1090 3431 1185 3503 άνεί·

189 3542 306 3604 ελουν
339 3538 373 3616 ἐς
403 3533 463 3604 τόν
494 3534 662 3623 ποταμόν,
694 3538 731 3602 ολ
760 3533 799 3602 δὲ
831 3532 897 3603 άπό
930 3537 999 3604 τῶν
1031 3541 1185 3621 πλαγίων
