2678 3950
486 251 671 302 ΔΝΛΒΑΣΙΣ
689 254 718 314 5,
738 255 760 303 7.
780 254 805 308 8.
1064 253 1125 312 211

160 405 222 477 ἐπ’
252 405 381 496 άμφοῖν
407 409 492 488 ξύλα
510 433 545 476 τε
564 411 597 488 ἐς
615 406 703 476 εύθύ
723 407 825 489 ὀξέως
845 408 1053 497 ἐπιβάλλεται
1070 409 1127 476 καὶ

164 515 298 588 σανίδες
327 511 499 596 ἐγκάρσιαι
526 512 560 588 ἐς
577 509 613 577 τδ
642 511 790 590 ξυνδεῖν.
843 515 900 577 καὶ
927 509 982 576 διδ
1010 513 1128 576 πασῶν

164 607 253 679 οὕτω
271 613 341 678 των
360 614 460 698 νεῶν,
487 608 562 678 ὅσαι
583 612 696 679 ίκαναλ
718 615 916 698 γεφυρῶσαι
928 608 989 678 τὸν
1008 609 1126 697 πόρον,

164 727 267 798 χωρεί
281 709 319 779 τδ
341 718 449 800 ἔργον.
492 712 700 801 ἑκατέρωθεν
718 712 757 780 δέ
773 715 835 780 τοῦ
853 711 1031 798 ζεύγματος
1049 718 1125 778 κλί-
1144 722 1161 772 σ

121 813 137 875 ἰ
164 840 265 900 μακες
298 814 546 902 προβάλλονται
571 813 885 901 καταπηγνύμεναι,
919 819 982 880 τοῦ
1015 809 1128 899 άσφα-

165 915 322 1000 λεστέραν
340 931 412 994 τοῖς
429 941 465 982 τε
484 919 598 993 ἵπποις
616 915 672 982 καὶ
689 930 760 993 τοῖς
777 915 906 1000 ζεύγεσι
923 912 984 1001 τὴν
1004 917 1128 1000 ἔφοδον

164 1023 356 1102 γίγνεσθαι,
375 1017 432 1084 καί
450 1015 519 1103 ἅμα
538 1015 583 1094 ὣς
603 1016 789 1102 σύνδεσμος
807 1014 893 1083 εἶναι
905 1020 967 1083 τοῦ
985 1015 1128 1101 ζεύγμα-

164 1143 229 1196 τος.
264 1115 307 1183 δι’
335 1115 454 1202 ὀλίγου
476 1143 511 1184 τε
533 1117 736 1196 ξυντελεῖται
756 1114 846 1184 ἅπαν
860 1118 917 1184 καὶ
932 1115 994 1197 ξύν
1013 1117 1127 1207 πολλῷ

163 1217 316 1308 θορύβῳ,
343 1221 399 1286 καὶ
425 1217 463 1285 τδ
490 1219 695 1305 τεταγμένον
723 1219 760 1284 ἐν
785 1223 833 1309 τῷ
851 1219 1012 1308 δρωμένῳ
1040 1215 1128 1302 ὅμως

128 1339 152 1380 10
166 1317 231 1386 οὐκ
249 1317 404 1387 άπεστιν·
439 1324 474 1388 οί
490 1346 525 1388 τε
543 1319 811 1407 παρακελευσμοὶ
830 1317 874 1398 ὡς
892 1318 1025 1404 τύχοιεν
1043 1317 1127 1385 κατὰ

163 1423 253 1488 ναῦν
282 1419 423 1508 ἑκάστην
449 1420 505 1488 καὶ
524 1425 562 1488 αί
579 1420 777 1508 ἐπιτιμήσεις
795 1423 855 1488 τοῦ
876 1421 1032 1497 ἐκλιποῦς
1051 1417 1128 1486 οὔτε

163 1519 225 1607 τὴν
250 1521 455 1590 κατάκουσιν
472 1524 543 1588 των
567 1520 853 1608 παραγγελμάτων
872 1516 950 1589 οὔτε
969 1519 1029 1606 τὴν
1047 1517 1128 1600 ὀξύ-

163 1647 245 1710 τητα
271 1627 333 1689 τοῦ
363 1628 463 1710 ἐργου
491 1619 722 1708 ἀφαιροῦνται.

238 1719 417 1809 Ῥωμαίοις
455 1721 518 1809 μὲν
558 1721 600 1809 δη
640 1721 729 1792 οὕτω
767 1727 874 1791 ταῦτα
914 1725 950 1790 ἐκ
983 1722 1164 1790 παλαιοῦ8

129 1842 152 1882 1⁵
168 1822 362 1910 ἐπήσκηται·
398 1821 606 1914 Ἀλεξάνδρῳ
633 1824 672 1892 δὲ
698 1823 789 1903 ὅπως
817 1823 954 1910 ἐζεύχθη
982 1820 999 1890 ὁ
1023 1821 1129 1900 Ἰνδὸς

167 1925 315 2012 ποταμδς
345 1923 409 1993 οῦκ
437 1931 502 2011 ἔχω
530 1931 650 2011 είπείν,
677 1923 728 1994 ὅτι
753 1924 837 2012 μηδὲ
863 1930 899 1992 οί
923 1921 1129 2012 ξυστρατεύ-

166 2046 284 2104 σαντες
311 2025 403 2117 αύτῷ
430 2025 536 2095 εἷπον.
570 2025 656 2094 άλλά
680 2053 736 2114 μοι
762 2031 857 2094 δοκεῖ
882 2023 927 2104 ὥς
955 2025 1129 2110 ἐγγυτάτω

165 2126 294 2194 τούτων
314 2130 479 2215 ἐζεῦχθαι,
504 2123 576 2214 ἢεί
592 2127 636 2213 δή
653 2155 717 2196 τινι
734 2127 821 2215 άλλη
842 2129 988 2214 μηχανῇ,
1018 2129 1128 2212 ἐκείνη

167 2229 277 2312 ἐχέτω.
329 2226 373 2308 ως
407 2228 445 2297 δὲ
477 2230 569 2316 διέβη
602 2230 709 2318 πέραυ
740 2231 802 2297 τοῦ
825 2226 935 2296 Ἰνδοῦ
963 2229 1162 2316 ποταμοῦ,ε

127 2355 152 2394 ιο
166 2331 222 2396 καὶ
242 2331 392 2399 ἐνταῦθα
410 2321 453 2397 αὖ
471 2329 550 2397 θύει
566 2328 651 2396 κατά
669 2331 775 2416 νόμον
789 2327 1015 2414 Ἀλέξανδρος.
1043 2325 1127 2416 άρας

166 2429 203 2497 δὲ
217 2428 282 2497 άπὸ
302 2437 363 2498 τοῦ
378 2430 489 2500 Ἰνδοῦ
510 2433 542 2509 ἐς
563 2430 684 2510 Τάξιλα
698 2429 849 2517 ἀφίκετο,
868 2428 967 2496 πόλιν
979 2428 1127 2517 μεγάλην

165 2533 221 2599 καὶ
254 2529 458 2617 εὐδαίμονα,
491 2529 553 2617 τὴν
587 2537 747 2618 μεγίστην
773 2535 841 2597 τῶν
867 2529 990 2616 μεταξύ
1016 2528 1126 2599 Ἰνδοῦ

165 2659 200 2700 τε
219 2637 371 2718 ποταμοῦ
390 2631 447 2698 καὶ
461 2630 638 2700 Ὑδάσπου.
672 2633 729 2700 καὶ
749 2633 877 2716 ἐδέχετο
896 2629 1002 2698 αύτδν
1026 2635 1127 2712 Ταξί-

166 2740 225 2818 λης
252 2731 270 2800 ὁ
297 2730 448 2821 ὕπαρχος
465 2737 524 2820 τῆς
542 2730 670 2812 πόλεως
688 2733 745 2800 καλ
764 2731 861 2800 αὐτοὶ
880 2736 916 2800 οί
929 2735 1011 2820 τῇδε
1025 2731 1127 2802 Ἰνδοὶ

128 2858 153 2898 ιε
167 2841 302 2919 φιλίως.
336 2835 393 2901 καλ
409 2833 623 2920 Ἀλέξανδρος
642 2841 862 2922 προστίθησιν
880 2829 997 2911 αὐτοῖς
1014 2833 1128 2922 χώραν

165 2937 224 3020 τῆς
250 2932 378 3022 ὁμόρου
406 2932 486 3022 ὅσης
515 2937 655 3003 ἐδέοντο.
697 2925 778 3022 ἧκον
805 2934 844 3003 δέ
871 2937 1022 3003 ἐνταῦθα
1049 2933 1160 3022 παρέ,

167 3034 273 3104 αὐτὸν
290 3037 347 3103 καὶ
366 3037 456 3124 παρὰ
471 3033 648 3124 Ἀβισάρου
666 3037 819 3126 πρέσβεις
837 3040 899 3104 τοῦ
917 3041 986 3102 των
1005 3035 1127 3124 ὀρείων

162 3133 280 3206 Ἰνδοῖν
306 3139 468 3224 βασιλέως
495 3135 513 3206 ὅ
539 3164 575 3205 τε
601 3135 747 3225 ολδελφδς
773 3141 835 3206 τοῦ
859 3135 1036 3224 Ἀβισάρου
1069 3140 1126 3206 καὶ

166 3234 262 3305 άλλοι
289 3237 352 3318 ξύν
379 3236 470 3330 αύτῷ
497 3243 532 3306 οί
556 3240 785 3326 δοκιμώτατοι,
811 3238 868 3307 καὶ
894 3235 985 3325 παρά
1014 3237 1127 3319 Δοξά-

127 3361 153 3402 ιο
167 3365 249 3426 ρεως
267 3338 438 3428 νομάρχου
457 3337 563 3426 άλλοι,
591 3343 683 3429 δῦρο
702 3340 872 3427 φέροντες.
899 3340 956 3406 καλ
976 3340 1126 3407 ἐνταῦθα

167 3431 214 3508 αύ
237 3439 454 3529 Ἀλέξανδρος
473 3443 509 3509 ἐν
529 3443 678 3523 Ταξίλοις
704 3441 782 3511 θύει
808 3437 871 3509 ὅσα
897 3445 933 3507 οί
947 3438 1050 3526 νόμος
1070 3440 1127 3507 καὶ

167 3540 284 3630 άγῦνα
310 3557 399 3612 ποιεῖ
422 3541 587 3631 γυμνικόν
612 3569 648 3612 τε
673 3543 729 3611 καὶ
758 3541 903 3611 ίππικίν.
956 3541 1012 3608 καὶ
1039 3536 1126 3609 άπο-

869 3652 918 3705 14*
