2678 3950
480 259 662 310 εειιυιπιτ
679 261 705 324 4,
723 261 765 310 τι.
1043 259 1101 324 193

146 425 303 504 αἴρεσθαι
327 430 398 494 τοῖς
424 410 537 494 ἄλλοις
559 412 678 494 Ἰνδοῖς
704 412 800 484 ὅπλα.
843 418 1031 488 καὶταῦτα
1057 417 1136 499 άςι

148 519 331 604 ἐξηγγέλθη
354 515 574 607 Ἀλεξάνδρῳ,
601 517 799 603 περιστήσας
825 523 883 606 τής
909 519 1031 600 νυκτός
1056 522 1102 612 τῷ

148 619 286 708 γηλόφῳ
309 617 370 705 τήν
394 613 552 705 στρατιάν
572 619 685 684 πᾶσαν
710 618 908 688 κατακόπτει
933 620 1014 700 τοός
1037 617 1102 689 Ἰν-

148 719 230 798 δούς
258 722 294 788 ἐν
319 720 411 810 μέσῳ
438 713 631 805 ἀπολαβόν,
658 717 719 804 τήν
742 746 778 787 τε
795 719 894 788 πόλιν
911 726 1003 809 αίρεῑ
1018 719 1102 790 κατά

121 821 281 909 ικράτος,
309 823 542 907 ἐρημωθεῖσαν
567 822 637 886 τῶν
654 821 930 908 προμαχομένων,
955 823 1012 891 καὶ
1040 820 1102 910 τήν

147 923 271 1009 μητέρα
288 919 350 1008 τήν
365 919 572 1006 Ἀσσακήνου
590 920 647 986 καὶ
665 912 727 1007 τήν
744 927 848 990 παῖδα
867 928 995 1010 ἐλαβεν.
1035 922 1102 991 άπ-

149 1025 273 1091 έθανου
299 1021 337 1090 δέ
364 1024 402 1090 ἐν
433 1023 474 1110 τή
502 1019 592 1110 πάση
625 1027 801 1113 πολιορκίᾳ
827 1025 896 1092 τῶν
922 1022 986 1103 ξόν
1007 1021 1101 1093 Ἀλε-

148 1122 282 1215 ξάνδρῳ
309 1125 343 1202 ές
369 1122 467 1190 πέντε
493 1123 550 1189 καὶ
576 1130 710 1189 εἴκοσιν.

216 1223 341 1294 Ἔνθεν
367 1222 405 1292 δὲ
431 1230 560 1292 Κοῖνον
577 1220 639 1309 μὲν
658 1220 703 1302 άς
722 1224 776 1291 ἐπὶ
794 1223 915 1311 Βάζιρα
934 1226 1102 1313 ἐκπέμπει,
1120 1245 1136 1291 5

110 1355 135 1393 ιο
149 1325 288 1412 γνώμην
312 1323 532 1413 ποιησάμενος
556 1319 606 1391 ότι
629 1321 795 1410 μαθόντες
818 1329 888 1392 τῶν
906 1325 1103 1412 Μασσάγων

148 1426 210 1514 τήν
234 1425 359 1494 άλωσιν
384 1425 570 1495 ἐνδώσουσι
594 1429 682 1510 σφᾶς
708 1423 843 1505 αὐτούς.
877 1423 1042 1495 ’Ἀτταλον
1066 1427 1103 1495 δέ

149 1529 205 1596 καὶ
221 1525 377 1596 Ἀλκέταν
394 1527 451 1594 καὶ
469 1524 662 1612 Δημήτριον
679 1523 740 1593 τόν
760 1526 929 1614 ἱππάρχην
954 1529 1008 1596 ἐπὶ
1018 1519 1103 1614 Ὦρα

150 1630 289 1715 στέλλει,
307 1625 412 1715 ἄλλην
430 1625 540 1711 πόλιν,
559 1634 787 1712 παραγγείλας
805 1635 1029 1714 περιτειχιζειν
1042 1628 1104 1716 τήν

150 1729 248 1797 πόλιν
263 1722 332 1796 ἐστ’
346 1723 388 1796 ἂν
401 1726 560 1816 άφίκηται
575 1724 688 1806 αὐτός.
721 1728 778 1796 καὶ
792 1736 941 1814 γίγνεται
961 1730 1104 1819 ἐκδρομὴ
1122 1745 1137 1794 6

112 1857 138 1897 1⁵
151 1832 220 1898 τῶν
247 1831 283 1897 ἐκ
309 1832 367 1914 τῆς
394 1829 521 1906 πόλεως
548 1827 603 1896 ἐπὶ
627 1827 709 1906 τούς
735 1827 823 1915 ἀμφὶ
845 1826 1012 1898 Ἀλκέταν.
1063 1830 1103 1900 οό

151 1932 303 2017 χαλεπῶς
328 1929 366 1999 δὲ
388 1930 587 2017 τρεψάμενοι
610 1924 737 2008 αότοός
761 1935 797 1998 οί
812 1931 1008 2010 Μακεδόνες
1026 1940 1105 2001 είσω

150 2037 212 2100 τοῦ
226 2039 357 2117 τείχους
372 2034 405 2110 ἐς
423 2031 485 2116 τήν
502 2029 600 2098 πόλιν
618 2026 876 2118 άποστρέφουσι.
915 2032 972 2100 καὶ
990 2040 1105 2124 Κοίνῳ

151 2131 191 2202 οό
211 2147 380 2219 προχωρεῖ
394 2131 434 2200 τά
455 2134 492 2201 ἐν
508 2137 760 2219 τοϊςΒαζίροις,
783 2130 868 2200 άλλά
894 2131 1106 2213 πιστεύοντες

151 2234 217 2320 γὰρ
240 2236 301 2302 τοό
327 2241 453 2320 χωρίου
476 2237 516 2322 τή
541 2229 726 2321 ὀχυρότητι,
753 2230 803 2300 ὅτι
825 2232 1049 2321 όπερόψηλόν
1071 2261 1106 2303 τε

112 2325 194 2420 εοήν
219 2336 276 2402 καὶ
303 2334 410 2421 πάντη
436 2331 581 2423 άκριβῶς
606 2336 858 2421 τετειχισμένον,
892 2333 995 2403 οόδέν
1020 2335 1104 2423 ξυμ-

151 2434 289 2524 βατικὸν
316 2437 520 2504 ἐνεδίδοσαν.

234 2538 348 2604 Ταῦτα
371 2535 491 2621 μαθών
506 2535 722 2626 Ἀλέξανδρος
749 2534 881 2622 ὥρμητο
904 2535 967 2623 μὲν
985 2532 1031 2615 οδς
1050 2537 1105 2604 ἐπὶ
1124 2553 1138 2601 7

152 2635 287 2722 Βάζιρα·
314 2633 419 2721 γνοός
451 2636 487 2704 δέ
520 2635 570 2704 ότι
596 2665 664 2705 τιον
690 2645 880 2724 προσοίκων
906 2635 994 2716 τινὲς
1019 2644 1106 2726 βαρ-

152 2737 267 2825 βάρων
294 2739 448 2823 παριέναι
480 2739 513 2815 ἐς
545 2736 585 2806 τά
603 2729 690 2825 Ὦρα
720 2737 781 2824 τήν
814 2737 913 2805 πόλιν
945 2739 1106 2819 λαθόντες

113 2864 140 2904 τι
152 2841 323 2925 μέλλουσι,
348 2834 433 2926 πρός
447 2836 624 2926 Ἀβισάρου
643 2839 697 2907 ἐπὶ
714 2841 801 2930 τῷδε
820 2839 1023 2926 ἐσταλμένοι,
1051 2841 1107 2908 ἐπὶ

152 2929 286 3026 τάᾮρα
300 2942 435 3027 πρῶτον
450 2929 525 3024 ήγε·
553 2949 680 3010 Κοῖνον
698 2938 736 3008 δὲ
754 2941 944 3025 ἐπιτειχίσαι
957 2942 998 3027 τή
1013 2939 1108 3009 πόλει

152 3043 220 3108 τῶν
237 3047 388 3127 Βαζίρων
405 3039 566 3128 καρτερόν
583 3068 615 3109 τι
637 3047 760 3127 χωρίον
778 3041 970 3129 προσέταξε,
994 3042 1051 3110 καὶ
1070 3043 1107 3109 ἐν

152 3140 260 3233 τοότςο
293 3141 448 3228 φυλακήν
480 3142 705 3210 καταλιπόντα
737 3141 952 3229 ἀποχρῶσαν,
985 3139 1031 3222 ιός
1061 3140 1106 3230 μή

153 3240 246 3310 άδεια
265 3252 316 3330 είη
334 3258 403 3322 τοῖς
423 3245 459 3310 ἐν
476 3245 519 3330 τή
538 3243 632 3312 πόλει
649 3248 795 3332 χρῆσθαι
811 3245 852 3331 τή
872 3242 976 3332 χάρη,
1001 3241 1107 3312 αὐτὸν

114 3369 139 3411 ιο
153 3341 278 3430 άγοντα
303 3345 361 3430 τής
388 3347 541 3429 στρατιᾶς
564 3344 626 3432 τήν
649 3341 770 3431 λοιπήν
787 3342 866 3430 παρ’
887 3341 992 3412 αὑτὸν
1012 3344 1106 3413 ίέναι.

152 3449 188 3512 οἱ
218 3444 257 3513 δέ
284 3446 320 3512 ἐκ
345 3447 413 3512 τῶν
439 3451 589 3533 Βαζίρων
616 3443 661 3525 οἱς
687 3443 779 3513 εἶδον
805 3443 947 3513 άπιόντα
974 3443 1037 3524 ξύν
1059 3449 1140 3536 τῷε

153 3551 298 3635 πλείστῳ
317 3548 375 3630 της
393 3552 548 3634 στρατιᾶς
567 3546 777 3634 τόνΚοῑνον,
794 3545 1106 3632 καταφρονήσαντες

203 3663 331 3705 Annuus.
874 3661 906 3710 13
