2678 3950
467 250 652 304 εαιιιεειε
684 253 714 317 ο,
732 255 774 304 ει.
1034 250 1095 313 277

130 409 262 494 γένοιτο
286 413 334 500 τῷ
361 413 510 500 ναυτικῷ
538 407 801 495 παρασκευάσαι,
828 403 993 496 ἣφρέατα
1012 407 1097 494 ὀρύ-

132 511 253 592 ξαντας
271 506 292 596 ἣ
310 508 435 598 άγοράς
453 535 519 578 που
537 507 558 598 ἣ
576 509 683 599 ὅρμου
703 511 972 597 ἐπιμεληθέντας.
1011 507 1131 578 άλλά2

131 603 176 696 ἦν
203 609 267 697 γάρ
295 616 400 700 έρημα
433 601 627 680 παντάπασι
643 609 685 679 τά
703 609 786 699 πρὸς
803 613 845 700 τῇ
864 611 1021 700 θαλάσση
1038 616 1098 696 τῆς

134 717 327 798 Γαδρωσῶν
359 717 439 800 γῆς,
472 710 492 781 ό
519 711 557 782 δέ
584 711 718 782 Θόαντα
749 710 810 782 τόν
837 711 1096 798 Μανδροδώρου

103 841 117 882 ι
133 813 339 900 καταπέμπει
355 815 408 881 ἐπὶ
422 811 600 883 θάλασσαν
614 812 677 895 ξύν
690 811 815 898 ὀλίγοις
829 817 981 900 ίππεῦσι,
994 839 1094 882 κατα-

107 941 115 952 ‘
133 913 342 1002 σκεψόμενον
368 926 402 984 εί
424 911 494 985 πού
513 941 562 995 τις
589 912 692 1002 ὅρμος
719 910 766 984 όν
783 915 941 1000 τυγχάνει
957 909 1099 1004 ταύτηῆ

132 1014 227 1102 ὕδωρ
254 1009 296 1084 ού
324 1014 440 1104 πόρρω
467 1012 533 1084 άπὸ
559 1015 734 1101 θαλάσσης
752 1013 773 1102 ἥ
791 1041 821 1083 τι
838 1013 921 1083 άλλο
938 1020 1007 1083 τῶν
1025 1017 1097 1083 έπι-

132 1121 285 1202 τηδείων.
328 1117 385 1185 καί
411 1107 510 1196 οὗτος
538 1109 736 1185 ἐπανελθών
760 1115 960 1203 ἀπήγγειλεν
986 1115 1097 1196 άλιέας

133 1217 224 1296 τινὰς
258 1224 460 1304 καταλαβεῖν
494 1219 562 1288 ἐπὶ
593 1223 656 1286 τού
690 1223 846 1304 αἰγιαλοῦ
875 1221 912 1287 έν
938 1216 1099 1306 καλύβαις

96 1349 120 1388 ιο
133 1333 326 1408 πνιγηραῖς·
360 1320 562 1405 πεποιῆσθαι
587 1317 626 1386 δέ
651 1316 711 1398 τάς
737 1318 887 1407 καλύβας
914 1319 1133 1400 ξυνθένταςι

133 1419 192 1498 τὰς
214 1418 353 1506 κόγχας·
393 1421 516 1508 στέγην
539 1419 578 1488 δὲ
604 1417 691 1488 εἶναι
714 1418 833 1500 αύταῖς
855 1420 916 1500 τάς
947 1414 1100 1500 άκάνθας

133 1524 206 1588 ταῖν
233 1520 382 1607 ἰχθύων·
415 1522 472 1588 καὶ
488 1521 630 1600 τούτους
647 1524 728 1600 τούς
746 1518 859 1601 άλιέας
876 1520 977 1589 ύδατι
994 1517 1100 1612 ὀλίγη)

135 1623 348 1710 διαχρῆσθαι,
362 1626 513 1708 χαλεπῶς
527 1621 757 1709 διαμωμένους
770 1621 831 1690 τόν
843 1621 1003 1711 κάχληκα,
1017 1619 1100 1690 ούδδ

135 1721 246 1812 τούτῳ
272 1721 381 1811 πάντη
407 1731 529 1809 γλυκεῖ
551 1729 598 1813 τῷ
624 1720 733 1792 ὕδατι.

97 1851 122 1892 ιι
209 1823 264 1903 Ὡς
282 1823 320 1892 δὲ
346 1818 486 1913 άφίκετο
506 1822 724 1912 Ἀλέξανδρος
752 1827 785 1904 ἐς
811 1825 923 1913 χῶρόν
949 1851 1024 1892 τινα
1040 1828 1134 1912 τῆς4

137 1931 333 2013 Γαδρωσίας
359 1929 417 1994 ἵνα
443 1923 681 2012 άφθονύτερος
707 1917 750 2014 ἦν
777 1941 879 2011 σῖτος,
904 1927 1049 2013 διανέμει
1068 1928 1100 2006 ἐς

136 2024 176 2095 τά
190 2027 355 2113 ύποζύγια
368 2025 429 2095 τόν
442 2029 717 2115 καταληφθέντα·
743 2027 800 2095 καὶ
813 2030 936 2120 τούτου
950 2025 1100 2114 σημηνά-

135 2154 235 2216 μενος
254 2131 296 2217 τῇ
317 2131 440 2198 ἑαυτοῦ
467 2132 642 2217 σφραγῖδι,
669 2137 947 2216 κατακομίζεσθαι
973 2127 1102 2196 κελεύει

137 2227 182 2310 ὦς
210 2229 265 2298 ἐπὶ
290 2230 477 2300 θάλασσαν.
507 2234 544 2300 ἐν
563 2221 589 2321 ᾦ
608 2229 646 2298 δὲ
664 2227 716 2318 ᾔει
735 2227 780 2310 ύς
800 2231 854 2298 ἐπὶ
872 2229 931 2297 τόν
951 2228 1101 2315 σταθμὸν

96 2361 123 2401 το
138 2337 302 2416 ἔνθενπερ
330 2330 501 2424 ἐγγυτάτω
524 2323 568 2418 ἦν
585 2329 606 2418 ἡ
624 2331 794 2414 θάλασσα,
822 2328 985 2420 ἐντούτῳ
1003 2324 1102 2414 ὀλίγα

137 2439 381 2519 φροντίσαντες
400 2436 435 2500 οί
451 2438 647 2518 στρατιῶται
663 2437 722 2518 τῆς
741 2427 1051 2517 σφραγίδοςαύτοί
1065 2456 1102 2498 τε

139 2538 174 2601 οί
203 2532 352 2618 φύλακες
384 2535 430 2624 τῷ
456 2540 539 2624 σίτῳ
574 2530 756 2618 ἐχρήσαντο
782 2531 840 2599 καί
865 2530 937 2600 ὅσοι
962 2530 1102 2618 μάλιστα

139 2638 224 2724 λιμῷ
252 2633 415 2716 ἐπιέζοντο
441 2635 498 2702 καὶ
522 2632 653 2712 τούτοις
670 2634 870 2719 μετέδωκαν.
913 2634 946 2712 ές
964 2631 1136 2703 τοσόνδεό

139 2733 225 2822 πρὸς
249 2739 313 2803 τοῦ
337 2739 445 2802 κακού
474 2736 653 2822 ἐνικῶντο,
689 2730 735 2814 ὥς
760 2732 822 2802 τόν
849 2733 1019 2820 πρόδηλον
1045 2735 1102 2802 καί

96 2871 124 2912 ιτ
139 2834 291 2925 παρόντα
316 2833 382 2922 ἤδη
407 2833 551 2923 ὄλεθρον
576 2837 638 2904 τού
665 2832 818 2921 άφανοῦς
844 2862 880 2904 τε
905 2836 961 2902 καὶ
987 2833 1103 2922 πρόσω

139 2943 187 3007 έτι
212 2935 312 3016 ὄντος
339 2939 376 3005 ἐκ
400 2942 462 3005 τού
487 2937 650 3024 βασιλέως
675 2936 840 3006 κινδύνου
866 2935 929 3016 ξύν
956 2940 1103 3028 λογισμῷ

140 3040 235 3120 έδοξέ
246 3057 358 3122 σφισιν
374 3044 565 3126 ἔμπροσθεν
577 3037 791 3126 ποιήσασθαι.
818 3037 875 3105 καὶ
884 3035 1103 3124 Ἀλέξανδρος

139 3138 347 3227 καταμαθών
377 3140 439 3228 τὴν
471 3138 622 3226 άνάγκην
654 3142 809 3224 συνέγνω
834 3153 904 3218 τοίς
930 3137 1102 3229 πράξασιν.

139 3240 241 3322 αύτός
267 3239 306 3309 δέ
332 3239 395 3310 ὅσα
421 3243 458 3310 ἐκ
482 3243 540 3329 τῆς
558 3239 669 3330 χώρας
688 3239 879 3328 ἐπιδραμών
898 3238 1103 3326 ξυναγαγεῖν

98 3374 126 3416 ιο
138 3341 295 3430 ἠδυνήθη
313 3347 361 3422 είς
380 3340 583 3429 ἐπισιτισμόν
599 3345 642 3430 τῇ
662 3343 799 3430 στρατιᾷ
816 3346 859 3430 τῇ
878 3340 1102 3429 περιπλεούσῃ

140 3443 204 3527 ξύν
228 3449 276 3536 τῷ
305 3444 432 3536 στόλῳ,
462 3446 569 3513 ταῦτα
601 3448 783 3529 κομίσοντα
816 3441 937 3528 πέμπει
963 3443 1104 3530 Κρηθέα

139 3546 199 3616 τόν
226 3543 470 3617 Καλλατιανόν.
513 3544 569 3612 καὶ
595 3559 665 3625 τοῖς
693 3546 863 3635 ἐγχωρίοις
889 3541 1137 3634 προσετάχθης
