2664 3946
213 259 255 324 82
564 254 819 316 ΔΛΕΞΔΝΔΡΟΤ

179 402 271 470 κκαὶ
295 398 314 468 ό
337 403 399 469 τοῦ
419 398 502 480 Διὸς
521 397 691 478 Διόνυσος
714 403 872 485 γίγνεται.
914 393 1084 475 Διόνυσος
1107 393 1171 483 μὲν

213 502 255 590 δή
278 509 390 590 τρίτος
407 497 450 576 ἂν
467 499 533 570 άπὸ
551 500 694 588 Κάδμου
713 509 782 589 είη,
809 496 893 568 κατά
911 497 1092 586 Λάβδακον
1109 498 1172 565 τόν

214 601 426 692 Πολυδώρου
460 605 522 692 τοῦ
553 601 696 688 Κάδμου
725 605 845 670 παῖδα·
887 597 1052 689 Ἡρακλῆς
1082 597 1121 668 δέ
1151 596 1170 666 ό

210 701 360 793 Ἀργεῐος
377 700 445 772 κατ’
468 707 637 774 Οίθίπούα
655 701 797 790 μάλιστα
813 699 873 771 τόν
891 707 1007 770 Λαΐου,
1035 701 1172 788 σέβουσι

215 805 253 876 δὲ
265 807 324 874 καλ
337 804 519 892 Αίγύπτιον
537 802 642 873 ἄλλον
657 803 834 891 Ἡρακλέα,
852 799 915 888 ούχ
932 799 1036 891 όνπερ
1056 801 1171 890 Τύριοι
1195 822 1211 863 ε

180 903 425 995 οήἝλληνες,
453 903 540 975 άλλά
564 907 653 992 λέγει
673 903 851 993 Ἡρόδοτος
873 901 924 972 ότι
945 906 1015 972 τόν
1040 902 1171 972 δυόδεκα

213 1011 305 1079 θεῶν
332 1008 496 1097 Ἡρακλέα
527 1005 669 1094 ἄγουσιν
693 1005 894 1094 Αἰγύπτιοι,
929 1004 1084 1092 καθάπερ
1113 1005 1171 1073 καὶ

210 1109 385 1198 Ἀθηναῖοι
401 1108 572 1180 Διόνυσον
595 1106 657 1178 τὸν
675 1107 759 1187 Διὸς
782 1107 839 1176 καὶ
864 1105 976 1195 Κόρης
1001 1107 1171 1194 σέβουσιν,

213 1209 318 1280 ἄλλον
334 1213 456 1280 τούτου
476 1209 664 1281 Διόνυσον·
703 1211 761 1278 καλ
779 1206 943 1295 ὁἽακχος
968 1205 986 1274 ὁ
1011 1205 1175 1294 μυστικὸς·

180 1331 197 1379 4
214 1312 324 1405 τούτῳ
341 1315 388 1404 τῷ
408 1311 581 1400 Διονύσῳ,
599 1309 677 1397 οὐχὶ
693 1312 741 1402 τῷ
761 1316 912 1400 Θηβαίῳ,
931 1307 1095 1398 ἐπᾴδεται.
1125 1306 1170 1388 τίς
1185 1330 1211 1372 ιο

214 1413 275 1482 τόν
292 1439 330 1500 γε
349 1415 386 1482 έν
405 1415 586 1504 Ταρτησσῷ
604 1411 689 1501 πρὸς
707 1410 847 1499 Ἰβήρων
865 1409 1052 1497 τιμώμενον
1067 1407 1171 1498 Ἡρα·

213 1515 313 1603 κλέα,
330 1519 388 1584 ἵνα
405 1517 462 1583 καὶ
480 1517 601 1601 στήλαί
614 1539 701 1592 τινες
715 1512 919 1601 Ἡρακλέους
937 1509 1173 1598 ὠνομασμέναι

214 1624 290 1705 είσι,
308 1619 397 1685 δοκῶ
417 1615 482 1702 ἐγώ
500 1613 560 1683 τόν
579 1614 704 1703 Τύριον
722 1611 808 1684 εἶναι
822 1611 1004 1702 Ἡρακλέα,
1023 1609 1073 1680 ότι
1088 1621 1171 1682 Φοι-

213 1726 321 1788 νίκων
337 1714 497 1804 κτίσμαή
522 1715 712 1804 Ταρτησσὸς
734 1716 792 1783 καὶ
816 1717 864 1806 τῷ
885 1720 1054 1784 Φοινίκων
1076 1712 1171 1806 νόμῳ

215 1816 293 1887 ὅτε
316 1817 402 1896 νεός
426 1825 600 1906 πεποίηται
624 1819 671 1907 τῷ
692 1814 850 1906 Ἡρακλεῖ
876 1817 924 1908 τῷ
957 1817 1027 1884 ἐκεῖ
1053 1816 1110 1883 καὶ
1135 1819 1173 1883 αἱ
1184 1835 1210 1877 1⁵

181 1935 198 1986 σ
214 1927 335 1988 θυσίαι
346 1917 499 1988 θύονται.
527 1916 704 2006 Γηρυόνην
717 1919 768 2005 θέ,
788 1915 836 2004 ἐφ’
856 1913 971 1985 ὅντινα
988 1913 1007 1984 ὁ
1023 1912 1170 2004 Ἀργείος

212 2017 377 2108 Ἡρακλῆς
387 2019 506 2108 ἐστάλη
520 2019 605 2108 πρός
614 2017 823 2109 Εὐρυσθέως
835 2018 895 2098 τάς
909 2021 993 2106 βοῦς
1006 2015 1172 2085 ἀπελάσαι

214 2121 274 2202 τάς
292 2121 469 2210 Γηρυόνου
495 2122 553 2189 καὶ
577 2119 718 2206 ἀγαγεῖν
743 2123 776 2200 ἐς
795 2119 981 2207 Μυκήνας,
1014 2117 1116 2188 οὐδέν
1140 2143 1172 2186 τι

216 2223 395 2312 προσήκειν
412 2223 454 2310 τή
472 2225 517 2310 γή
536 2226 606 2289 τῶν
619 2221 758 2310 Ἰβήρων
772 2219 943 2300 Ἑκαταῖος
961 2219 980 2288 ὁ
995 2219 1171 2307 λογοποιὸς

182 2342 198 2388 ο
216 2326 313 2410 λέγει·
331 2323 413 2393 οὐδὲ
432 2324 487 2393 ἐπὶ
503 2322 611 2410 νήσόν
628 2349 701 2392 τινα
715 2321 891 2410 Ἐρύθειαν
911 2321 971 2400 ἔξω
988 2325 1047 2409 τῆς
1065 2320 1169 2409 μεγά-
1184 2343 1211 2383 οο

216 2432 275 2514 λης
291 2425 464 2512 θαλάσσης
483 2426 642 2512 σταλήναι
655 2422 831 2513 Ἡρακλέα,
849 2422 935 2492 άλλά
952 2426 1011 2511 τής
1027 2421 1170 2511 ήπείρου

215 2529 274 2612 τής
303 2529 380 2615 περὶ
406 2525 613 2614 Ἀμβρακίαν
642 2549 678 2594 τε
706 2527 763 2593 καὶ
787 2523 1010 2613 Ἀμφιλόχους
1033 2525 1171 2612 βασιλέα

215 2628 374 2713 γενέσθαι
387 2626 565 2715 Τηρυόνηυ
582 2628 640 2695 καὶ
657 2629 715 2714 τής
734 2629 770 2696 ἐκ
787 2625 929 2715 ήπείρου
943 2624 1067 2714 ταύτης
1085 2623 1170 2692 άπε-

216 2727 316 2796 λάσαι
325 2726 489 2816 Ἡρακλέα
500 2727 560 2807 τάς
573 2730 670 2816 βοῦς,
683 2725 766 2796 ούδλ
779 2731 901 2796 τοῦτον
914 2729 1049 2815 φαύλου
1063 2717 1171 2796 ἆθλον

181 2829 400 2916 στιθέμενον.
440 2826 516 2897 οἶδα
540 2827 578 2897 δέ
603 2827 668 2914 έγώ
691 2829 748 2897 καὶ
772 2835 821 2908 είς
844 2831 945 2898 τοῦτο
964 2835 1012 2898 έτι
1029 2826 1170 2916 εὔβοτον
1183 2847 1211 2890 ιο

215 2931 277 3018 τήν
293 2928 430 3018 ήπειρου
443 2929 570 3018 ταύτην
586 2931 644 2998 καὶ
661 2933 746 3018 βοῦς
762 2931 956 3018 τρέφουσαν
974 2937 1170 3009 καλλίστας·

216 3032 274 3100 καὶ
299 3033 332 3111 ές
357 3028 540 3119 Εύρυσθέα
556 3031 627 3099 τόν
651 3029 713 3118 μὲν
732 3032 764 3112 ἑξ
785 3029 944 3120 Ἠπείρου
962 3034 1054 3120 βοῶν
1076 3033 1172 3110 κλέος

216 3130 361 3220 άφϊχθαι
373 3133 430 3201 καλ
443 3133 504 3200 τού
519 3131 680 3220 βασιλέως
693 3135 752 3220 τῆς
765 3131 925 3222 Ἠπείρου
939 3133 978 3202 τό
993 3129 1098 3220 ὄνομα
1112 3131 1172 3199 τόν

216 3233 395 3323 Τηρυόυην
421 3231 484 3302 ούκ
521 3234 582 3314 ἔξω
615 3237 675 3302 τοῦ
704 3232 833 3314 είκότος
859 3241 1001 3322 τίθεμαι·
1040 3235 1110 3301 τόν
1134 3231 1172 3302 δέ

218 3334 366 3423 ἐσχάτων
379 3339 438 3424 τῆς
454 3332 624 3424 Εύροόπης
640 3333 777 3424 Ἰβήρων
791 3334 858 3404 οὔτ’
874 3331 917 3403 ἂν
930 3339 991 3404 τού
1010 3333 1172 3422 βασιλέως
1185 3356 1213 3397 το

216 3438 253 3506 τό
273 3436 380 3526 όνομα
402 3437 579 3524 γινόσκειν
598 3433 801 3525 Εὐρυσθέα,
827 3434 905 3506 οὔτε
922 3443 954 3507 εί
970 3439 1055 3525 βοῦς
1072 3435 1173 3504 καλαὶ

217 3543 255 3609 έν
280 3542 322 3628 τή
350 3539 443 3630 χάρη
467 3538 575 3628 ταύτη
601 3539 778 3625 νέμονται,
805 3544 837 3608 εί
860 3537 905 3626 μή
921 3564 970 3618 τις
987 3538 1051 3624 τήν
1062 3535 1175 3626 Ἥραν
