2678 3950
234 208 297 274 202
588 204 835 268 ΔΛΕΞΔΝΔΡΟΤ

236 391 288 436 σοι
314 368 467 453 γενέσθω
490 367 681 457 τεκμήριον·
708 365 819 446 κιττός
843 366 909 456 γάρ
934 365 996 436 ούκ
1020 363 1107 456 ἀλλη
1132 370 1193 456 τῆς

234 465 355 537 Ἰνδῶν
381 473 443 556 γῆς
470 465 639 556 φυόμενος
666 467 745 555 παρ’
773 467 855 556 ἡμῖν
881 466 1007 556 φύεται.

196 570 216 633 2
317 571 385 640 Καὶ
402 573 508 638 ταύτα
527 568 637 638 πάντα
652 567 857 660 Ἀλεξάνδρῳ
875 567 959 656 πρός
982 573 1099 656 θυμού
1118 571 1191 656 ἐγί-

237 697 334 755 γνετο
354 667 491 739 ἀκούειν
516 671 572 739 καὶ
595 669 696 758 ἤθελε
720 669 819 740 πιστά
837 667 923 739 εἶναι
945 667 985 738 τά
1012 669 1101 758 ὑπὲρ
1126 675 1191 743 τού

239 770 412 842 Διονύσου
427 775 488 858 τῆς
502 770 630 860 πλάνης
644 771 877 860 μυθευόμενα·
897 771 953 839 καὶ
967 779 1088 859 κτίσμα
1101 769 1191 841 εἶναι
1205 799 1219 840 τ

239 872 413 944 Διονύσου
427 874 489 960 τὴν
504 879 628 944 Νύσαν
641 871 775 962 ἤθελεν,
794 872 840 951 ῶς
853 869 916 960 ἤδη
930 899 965 941 τε
979 869 1070 958 ἥκειν
1084 871 1193 952 αύτδς

240 981 325 1044 ἔνθα
342 965 427 1061 ἦλθε
445 974 614 1054 Διόνυσος
633 975 690 1042 καί
709 972 763 1044 ἐπ’
783 976 894 1042 ἐκεῖνα
912 968 954 1040 ἀν
973 975 1088 1042 ἐλθεῖν
1106 985 1192 1044 Διο-

239 1073 364 1144 νύσου·
405 1071 481 1144 οὐδ’
510 1071 553 1143 ἀν
571 1072 775 1154 Μακεδόνας
800 1075 838 1143 τὸ
864 1073 980 1162 πρόσω
1007 1072 1193 1156 ἀπαξιῶσαι

240 1189 427 1263 συμπονεῖν
449 1180 487 1245 οί
510 1183 557 1246 ἐτι
573 1176 658 1245 κατὰ
675 1178 773 1264 ζῆλον
789 1179 860 1244 τῶν
877 1175 1050 1248 Διονύσου
1072 1181 1191 1264 ἐργων.

206 1288 222 1336 2
240 1278 296 1346 καὶ
315 1281 454 1346 δίδωσιν
474 1277 677 1364 ἐλευθέρους
694 1303 730 1346 τε
742 1276 829 1346 εἶναι
842 1278 921 1356 τοὺς
940 1275 1113 1364 οίκήτορας
1130 1281 1192 1364 τῆς
1207 1305 1233 1345 ιο

242 1377 361 1465 Νύσης
382 1378 439 1446 καὶ
465 1376 688 1465 αὐτονόμους.
741 1376 787 1457 ῶς
813 1377 851 1446 δέ
876 1378 934 1446 καὶ
959 1378 1038 1456 τούς
1064 1377 1192 1465 νόμους

240 1479 386 1548 ἐπύθετο
407 1477 523 1546 αὐτῶν
541 1477 597 1544 καὶ
615 1475 665 1546 ότι
682 1477 766 1564 πρὸς
783 1483 852 1546 τῶν
870 1477 1017 1566 ἀρίστων
1034 1478 1072 1547 τδ
1091 1486 1191 1548 πολί-

238 1607 343 1668 τευμα
362 1585 483 1668 ἔχεται,
510 1578 618 1646 ταύτά
636 1604 671 1646 τε
690 1578 831 1668 ἐπῄνεσε
847 1579 904 1647 καὶ
927 1578 1046 1667 ἠξίωσε
1069 1582 1139 1648 τῶν
1155 1606 1193 1649 τε

242 1683 370 1750 ἱππέων
387 1685 424 1748 οί
438 1680 633 1766 ξυμπέμψαι
658 1682 692 1759 ἐς
715 1686 924 1770 τριακοσίους
947 1680 1089 1748 καὶτῶν
1106 1706 1192 1768 προ-

241 1781 394 1852 εστῶτων
410 1785 473 1850 τοῦ
491 1780 742 1870 πολιτεύματος,
759 1772 845 1869 ἦσαν
863 1780 970 1850 δὲκαὶ
984 1778 1190 1870 αύτοὶτρια-
1204 1809 1230 1848 15

240 1883 357 1967 κύσιοι,
371 1881 491 1951 ἑκατὸν
503 1881 584 1962 τούς
603 1879 762 1970 ἀρίστους
778 1883 1047 1970 ἐπιλεξαμένους·
1064 1879 1191 1952 Ἀκου-

241 2010 300 2070 φιν
318 1981 356 2052 δὲ
374 1981 459 2054 εἶναι
476 1983 537 2052 τδν
557 1984 805 2072 ἐπιλεγόμενον,
829 1982 943 2052 ὅντινα
962 1985 1019 2052 καὶ
1036 1981 1191 2071 ὕπαρχον

207 2097 224 2146 8
242 2089 302 2170 τῆς
319 2082 428 2171 χῶρας
445 2089 506 2170 τῆς
524 2090 680 2164 Νυσαίας
701 2086 900 2173 κατέστησεν
917 2083 1029 2165 αύτός.
1073 2083 1135 2152 τδν
1152 2083 1190 2154 δὲ

229 2182 397 2271 Ἄκουφιν
421 2189 527 2254 ταῦτα
544 2182 738 2255 ἀκούσαντα
757 2188 974 2274 ἐπιμειδιᾶσαι
997 2187 1126 2272 λέγεται
1142 2189 1189 2276 τῷ

240 2285 346 2378 λόγῳ·
374 2287 432 2354 καὶ
455 2283 670 2374 Ἀλέξανδρον
694 2287 828 2374 ἐρέσθαι
853 2286 910 2371 ἐφ’
932 2285 998 2379 ὅτῳ
1017 2286 1188 2372 ἐγέλασεν·
1203 2312 1228 2352 ιο

240 2385 492 2477 ἀποκρίνασθαι
509 2385 542 2457 δ’
551 2385 734 2476 Ἄκουφιν·
759 2390 816 2457 καί
836 2391 907 2468 πῶς
921 2386 983 2476 ἀν,
1002 2379 1190 2476 ὦβασιλεύ,

241 2496 301 2575 μία
327 2487 423 2568 πόλις
451 2487 569 2558 ἕκατδν
596 2487 732 2577 ἀνδρῶν
751 2483 892 2574 ἀγαθῶν
917 2493 1126 2578 ἐρημωθεῖσα
1145 2493 1191 2556 ἐτι

241 2593 353 2669 καλῶς
367 2589 589 2672 πολιτεύοιτο;
608 2585 694 2658 ἀλλά
713 2588 770 2677 σύ,
788 2600 822 2660 εί
836 2609 887 2659 σοι
904 2593 993 2677 μέλει
1011 2596 1190 2677 Νυσαίων,

240 2687 319 2768 τούς
349 2691 469 2770 ίππέας
494 2689 557 2777 μὲν
583 2685 725 2776 ἀγεσθαι
748 2691 827 2770 τούς
850 2698 1062 2778 τριακοσίους
1084 2690 1142 2757 καὶ
1159 2697 1191 2760 εί

241 2789 368 2878 βούλει,
396 2797 443 2859 ἔτι
465 2790 596 2859 τούτων
620 2798 792 2869 πλείονας·
820 2787 896 2860 ἀντὶ
920 2791 958 2862 δέ
975 2794 1045 2860 τῶν
1060 2789 1188 2880 ἑκατόν,
1201 2813 1225 2852 ιε

243 2887 399 2970 οὕστινας
413 2890 493 2968 τούς
507 2889 669 2978 ἀρίστους
684 2890 827 2970 ἐπιλέξαι
841 2890 884 2960 σδ
899 2893 1054 2981 κελεύεις,
1070 2897 1190 2960 διπλα-

243 2997 339 3071 σίους
361 2993 429 3059 τῶν
454 2987 565 3058 ἀλλων
588 2994 657 3059 τῶν
677 2997 792 3061 κακῶν
809 2991 963 3081 ἀγεσθαι,
990 2999 1047 3063 ἵνα
1065 3013 1117 3060 σοι
1133 2995 1190 3063 καὶ

243 3083 344 3171 αὖθις
368 3089 561 3183 ἀφικομένῳ
582 3096 685 3182 δεύρο
712 3095 749 3161 ἐν
772 3099 819 3186 τῷ
837 3093 929 3186 αὐτῷ
949 3095 1059 3186 τούτῳ
1077 3093 1189 3188 κόσμῳ

245 3200 367 3280 φανείη
384 3189 406 3278 ἡ
426 3191 532 3272 πόλις.
584 3197 689 3262 ταῦτα
712 3195 863 3285 λέγοντα,
888 3197 997 3282 λέγειν
1014 3197 1080 3284 γάρ
1099 3194 1191 3279 δόξαι

209 3307 227 3356 4
244 3293 407 3384 φρόνιμα,
427 3307 540 3362 πεῖσαι
552 3291 780 3383 Ἀλέξανδρον.
816 3296 874 3364 καὶ
890 3297 971 3376 τούς
988 3297 1051 3385 μὲν
1071 3301 1189 3379 ίππέας
1202 3329 1225 3370 ιι

245 3397 449 3482 ξυμπέμπειν
472 3399 507 3463 οί
530 3395 691 3486 ἐκέλευσε,
718 3396 799 3476 τούς
820 3395 858 3465 δὲ
879 3396 996 3466 ἕκατδν
1014 3398 1094 3477 τούς
1118 3402 1190 3468 ἐπι-

245 3497 381 3575 λέκτους
398 3495 512 3583 μηκέτι
530 3498 674 3588 αἰτῆσαι,
695 3495 780 3565 ἀλλά
798 3495 877 3586 μηδ’
902 3495 977 3566 ἀντ’
997 3496 1112 3567 αύτῶν
1130 3499 1184 3569 ἀλ·
