2650 3948
473 238 659 292 ΔΝΑΒΑΣΙΣ
680 243 702 304 1,
722 241 763 292 λδ.
1067 240 1108 306 31

146 374 278 448 τούτων
295 385 418 466 χαλκαῖ
434 378 563 460 εἰκόνες
583 382 619 449 ἐν
636 388 712 474 Δίφ
731 382 873 467 ἑστᾶσιν,
888 377 1110 472 Ἀλεξάνδρου

147 477 370 560 κελεύσαντος
387 477 566 550 Λύσιππον
583 487 735 570 ποιῆσαι,
759 477 863 571 όσπερ
881 483 938 551 καὶ
952 475 1110 566 Ἀλέξαν-

149 585 233 668 δρον
246 580 351 670 μόνος
365 581 562 670 προκριθεὶς
577 585 693 653 ἐποίει·
716 587 785 652 τάν
803 583 841 652 δὲ
854 581 966 653 ἀλλων
981 587 1111 655 ἱππίων

147 679 237 772 ὑπὲρ
261 681 340 763 τούς
372 681 548 770 ἑξήκοντα,
579 684 669 768 πεζοὶ
701 683 737 753 δὲ
762 686 796 765 ἐς
819 682 898 766 τούς
923 685 1108 776 τριάκοντα.

110 811 123 853 ι
149 785 206 853 καὶ
230 781 371 864 τούτους
394 789 436 874 τῇ
461 781 624 876 ὑστεραίᾳ
648 792 777 867 ἔθαψεν
798 783 1020 875 Ἀλέξανδρος
1046 787 1144 870 ξύνό

149 900 221 966 τοῖς
247 882 361 970 ὅπλοις
384 912 420 954 τε
443 886 499 954 καὶ
524 883 614 979 ἀλλφ
632 885 761 980 κόσμῳ·
785 893 924 974 γονεῦσι
941 887 978 958 δὲ
996 885 1134 960 αύτάν.

148 987 207 1056 καὶ
224 986 319 1055 παισὶ
331 991 400 1056 τῶν
416 1013 452 1056 τε
470 985 553 1056 κατά
567 985 629 1075 την
643 987 755 1078 χάραν
769 985 920 1058 ἀτέλειαν
938 994 1042 1059 ἔδωκε
1053 990 1110 1058 καὶ

149 1087 227 1160 ὅσαι
240 1087 338 1157 ἀλλαι
354 1084 376 1176 ἢ
393 1093 441 1180 τῷ
455 1087 581 1177 σοι’ματι
596 1094 798 1177 λειτουργίαι
813 1087 835 1177 ἢ
853 1089 936 1158 κατά
954 1089 1012 1170 τάς
1029 1090 1110 1178 κτή·

150 1211 218 1270 σεις
234 1189 380 1259 ἑκάστων
394 1194 559 1279 εἰσφοραί.
590 1191 646 1259 καὶ
659 1196 728 1258 τῶν
741 1193 957 1280 τετρωμένων
971 1191 1009 1261 δὲ
1025 1200 1109 1260 πολ-

113 1287 215 1378 ιολήν
238 1289 402 1380 πρόνοιαν
432 1296 545 1378 ἔσχεν,
574 1293 728 1360 ἐπελθών
753 1318 788 1360 τε
818 1289 921 1372 αύτδς
952 1291 1111 1373 ἑκάστους
1198 1373 1199 1376 ¹

149 1393 207 1462 καὶ
221 1389 261 1461 τά
278 1390 451 1481 τραύματα
467 1389 550 1462 ίδοδν
566 1393 624 1461 καὶ
638 1391 728 1473 ὅπως
741 1420 790 1472 τις
805 1391 937 1483 ἐπράθη
953 1393 1110 1482 ἐρόμενος

150 1495 209 1564 καὶ
232 1492 253 1562 ό
275 1521 306 1562 τι
323 1492 478 1584 πράττων
502 1499 610 1563 είπείν
633 1521 669 1564 τε
694 1492 1058 1578 καὶκάλαζονεύσασθαί
1078 1499 1114 1563 οί

150 1593 343 1685 παρασχόν.
385 1591 403 1664 ὁ
433 1593 472 1663 δὲ
503 1595 652 1664 καὶτῶν
675 1601 819 1685 Περσων
841 1593 920 1676 τούς
942 1588 1145 1683 ἡγεμόναςσ

152 1703 298 1779 ἔθαψεν·
334 1701 442 1778 ἔθαψε
464 1694 502 1764 δδ
525 1696 581 1764 καὶ
603 1694 684 1776 τούς
701 1695 933 1786 μισθοφόρους
947 1695 1110 1784 Ἕλληνας

112 1825 138 1868 1⁵
152 1805 189 1869 οἳ
203 1796 265 1880 ξύν
282 1811 352 1878 τοῖς
365 1803 534 1885 πολεμίοις
548 1796 785 1886 στρατεύοντες
798 1795 987 1867 ἀπίθανον·
1007 1795 1110 1878 ὅσους

152 1889 191 1970 δδ
208 1897 322 1969 αὐτῶν
339 1897 568 1986 αἰχμαλώτους
586 1903 701 1985 ἔλαβε,
727 1895 868 1978 τούτους
895 1897 1055 1986 δὲδήσας
1074 1901 1111 1967 ἐν

151 2001 269 2082 πέδαις
295 2002 328 2082 ἐς
351 2005 570 2070 Μακεδονίαν
596 1993 792 2088 ἀπέπεμψεν
817 1998 1030 2088 ἐργάζεσθαι,
1060 1999 1111 2068 ὅτι

152 2101 243 2194 παρά
261 2098 302 2170 τά
319 2106 415 2191 κοινῇ
434 2100 576 2182 δόξαντα
593 2115 664 2181 τοῖς
679 2096 1000 2189 ἝλλησινἝλληνες
1017 2099 1111 2182 ὅντες

154 2207 290 2274 ἐναντία
312 2207 354 2292 τῇ
376 2199 509 2272 Ἑλλάδι
530 2199 618 2290 ὑπὲρ
642 2207 712 2270 τάν
735 2201 915 2292 βαρβάρων
940 2201 1109 2291 ἐμάχοντο.

113 2332 141 2374 ιο
154 2303 342 2393 ἀποπέμπει
359 2302 397 2372 δδ
414 2303 471 2372 καὶ
490 2308 537 2383 είς
555 2297 699 2391 Ἀθήνας
715 2309 905 2392 τριακοσίας
923 2309 1110 2382 πανοπλίας
1127 2315 1144 2367 7

154 2404 322 2495 Περσικὰς
348 2401 506 2492 ἀνάθημα
537 2402 623 2474 εἶναι
645 2409 687 2494 τῇ
703 2400 832 2494 Ἀθηνᾷ
857 2406 894 2474 ἐν
920 2403 1030 2473 πόλει·
1053 2404 1111 2471 καὶ

156 2510 346 2595 ἐπίγραμμα
360 2507 582 2595 ἐπιγραφῆναι
592 2506 722 2574 ἐκέλευε
734 2503 828 2574 τόδε·
840 2502 1110 2594 Ἀλέξανδρος

156 2615 373 2682 Φιλίππου
399 2607 467 2675 καὶ
493 2611 535 2676 ολ
554 2605 747 2694 Ἕλληνες
771 2604 878 2694 πλὴν
901 2610 1109 2676 Λακεδαι-

154 2716 316 2800 μονίων
340 2706 417 2778 ἀπδ
436 2710 517 2778 τοῖν
540 2707 764 2797 βαρβάρων
781 2713 862 2777 ταῖν
879 2706 951 2796 τὴν
971 2711 1110 2778 Ἀσίαν

62 2808 63 2811 “
114 2809 475 2882 εσκατοικούντων.

230 2911 450 2999 Καταστήσας
468 2909 506 2980 δὲ
523 2909 641 2981 Κάλαν
659 2909 879 3001 σατραπεύειν
898 2902 939 2998 ἧς
959 2908 1109 2999 Ἀρσίτης
1122 2920 1159 2986 17

154 3007 236 3104 ἦρχε
259 3014 315 3084 καὶ
332 3012 411 3094 τούς
428 3011 555 3101 φόρους
576 3009 655 3094 τούς
672 3010 797 3093 αύτούς
814 3008 995 3101 ἀποφέρειν
1012 3011 1111 3094 τάξας

155 3115 284 3206 οὕσπερ
311 3121 447 3207 Δαρείῳ
479 3121 618 3204 ἔφερον,
650 3112 724 3184 ὅσοι
749 3114 812 3202 μὲν
837 3119 903 3182 τῶν
930 3112 1110 3204 βαρβάρων

155 3216 324 3298 κατιόντες
349 3218 385 3285 ἐκ
409 3221 478 3286 τάν
501 3212 593 3304 όροΞν
616 3218 810 3305 ἐνεχείριζον
833 3219 939 3301 σφάς,
968 3213 1110 3296 τούτους

115 3346 143 3390 ου
156 3319 218 3410 μὲν
236 3316 503 3387 ἀπαλλάττεσθαι
520 3317 575 3386 ἐπὶ
592 3315 632 3386 τά
652 3314 943 3394 αύτῶνὲκάστονς
962 3316 1109 3384 ἐκέλευε·

156 3427 311 3500 Ζελείτας
335 3418 373 3488 δὲ
399 3416 507 3508 ἀφῆκε
529 3423 588 3506 τῆς
612 3423 739 3504 αίτίας,
757 3415 807 3485 ότι
825 3413 910 3503 πρός
926 3421 1006 3503 βίαν
1024 3422 1109 3502 ἔγνω
1127 3429 1143 3478 2

155 3526 400 3612 συστρατεῦσαι
417 3535 487 3602 τοῖς
508 3518 700 3610 βαρβάροις·
733 3515 926 3589 Δασκύλιον
944 3516 983 3586 δὲ
999 3541 1109 3606 παρα-
