2664 3946
489 265 674 319 ΔΝΑΒΑΣΙΣ
690 268 719 327 2,
737 268 780 319 λδ.
1060 265 1103 330 95

143 426 200 474 σιν
224 394 325 492 (ἦσαν
342 401 381 474 δέ
398 403 514 475 αύτῶν
538 408 666 476 τετῶν
689 414 825 495 Τυρίων
848 409 886 476 οί
905 403 1046 494 μάλιστα
1066 409 1103 476 ἐν

142 505 233 575 τέλει
261 506 319 576 καί
349 503 369 576 ό
392 507 550 596 βασιλεύς
569 506 755 595 Ἀζέμιλκος
778 509 836 576 καί
859 513 1103 598 Καρχηδονίων

143 605 234 688 τινὲς
250 609 377 698 θεωροὶ
396 611 430 689 ἐς
453 610 553 698 τιμήν
569 612 631 679 τοῦ
647 608 852 700 Ἡρακλέους
868 609 953 679 κατά
970 609 1013 698 δή
1028 635 1104 678 τινα

143 706 253 797 νόμον
267 707 411 780 παλαιόν
429 717 477 790 είς
495 711 557 798 τήν
570 711 775 801 μητρόπολιν
793 709 1003 801 ἀφικόμενοι)
1021 709 1104 781 τού·

116 831 215 890 στοις
233 809 402 899 ξύμπασιν
420 809 535 882 ἀδειαν
552 817 692 882 δίδωσιν
705 811 941 903 Ἀλέξανδρος·
967 812 1049 893 τούς
1067 811 1105 883 δέ

145 911 271 991 ἀλλους
288 911 526 1003 ἠνδραπόδισε,
548 915 606 982 καί
625 913 822 1004 ἐπράθησαν
841 923 978 1003 Τυρίων
993 940 1030 984 τε
1046 915 1105 984 καί

145 1018 215 1083 τῶν
229 1013 336 1096 ξένων
349 1011 422 1084 ὅσοι
436 1015 745 1104 ἐγκατελήφθησαν,
758 1015 901 1104 μάλιστα
916 1019 950 1096 ἐς
961 1035 1104 1106 τρισμυ-
1189 1099 1194 1110 .

146 1123 254 1205 ρίους.
283 1114 502 1206 Ἀλέξανδρος
532 1116 571 1186 δέ
599 1120 647 1208 τῷ
667 1115 825 1206 Ἡρακλεῖ
848 1117 953 1187 ἔθυσέ
982 1144 1019 1187 τε
1047 1119 1138 1186 καὶὸ

146 1217 286 1306 πομπήν
312 1225 433 1288 ἔστειλε
450 1217 514 1298 ξύν
536 1219 578 1306 πή
598 1217 740 1305 δυνάμει
758 1217 969 1308 ἀπλισμένη·
993 1219 1108 1288 καλαί

108 1346 134 1388 ιο
146 1323 225 1407 νήες
235 1318 566 1411 ξυνεπόμπευσαντῷ
573 1318 741 1408 Ἡρακλεῖ,
749 1321 807 1389 καὶ
814 1317 931 1406 ἀγῶνα
939 1319 1106 1409 γυμνικόν

151 1423 253 1511 ἐντῷ
274 1418 353 1512 ίερῷ
371 1421 429 1491 καί
443 1420 603 1508 λαμπάδα
622 1425 772 1510 ἐποίησε·
798 1420 935 1508 καλιήν
952 1422 1105 1510 μηχανήν

147 1513 170 1612 ᾖ
188 1521 227 1592 τό
245 1537 354 1608 τεῖχος
371 1531 570 1611 κατεσείσθη
588 1520 756 1610 ἀνέθηκεν
773 1529 822 1603 είς
839 1521 900 1592 τδν
916 1523 1020 1592 νεύν·
1047 1525 1106 1593 καὶ

147 1624 209 1712 τήν
231 1626 320 1693 ναόν
344 1623 406 1711 τήν
435 1630 565 1712 Τυρίαν
594 1624 656 1711 τήν
681 1623 774 1712 ίεράν
803 1627 865 1694 τού
888 1623 1106 1714 Ἡρακλέους,

148 1724 267 1814 ήυτινα
281 1727 379 1818 ἐντῷ
400 1728 531 1816 ἐπίπλῳ
551 1731 661 1814 ἔλαβε,
677 1727 735 1796 καί
748 1725 875 1815 ταύτην
888 1729 935 1818 τῳ
951 1725 1110 1815 Ἡρακλεῖ

110 1854 136 1896 ιι
150 1826 297 1916 ἀνέθηκε
313 1828 372 1896 καί
391 1829 584 1917 ἐπίγραμμα
603 1824 656 1896 ἐπ’
676 1825 783 1916 αύτή,
807 1821 950 1912 ήαύτδς
967 1827 1107 1915 ποιήσας

148 1925 269 2016 ήότου
288 1929 330 2016 δή
349 1925 455 1998 ἀλλου
473 1927 693 2018 ποιήσαντος,
717 1927 781 1997 ούκ
799 1925 891 2010 ἀξιον
914 1928 1045 2019 μνήμης
1067 1928 1106 1999 τδ

152 2034 361 2118 ἐπίγραμμα·
396 2028 451 2098 διά
480 2033 581 2099 τοῦτο
610 2031 669 2099 καί
701 2028 768 2116 ἐγύ
797 2029 883 2099 αύτδ
912 2029 1108 2120 ἀναγράψαι

150 2132 333 2220 ἀπηξίωσα.
371 2131 481 2220 Τύρος
497 2129 560 2218 μὲν
578 2130 620 2218 δή
638 2128 747 2211 οὕτως
765 2130 853 2201 έάλω
870 2132 927 2202 έπὶ
944 2130 1108 2221 ἄρχοντος

147 2232 323 2320 ’Δνικήτου
340 2231 500 2321 Ἀθήνησι
516 2232 621 2321 μηνός
636 2231 930 2321 Ἑκατομβαιῶνος.

112 2361 139 2402 εο
215 2333 288 2404 Ἔτι
304 2333 342 2403 δέ
360 2335 397 2403 ἐν
413 2338 455 2422 πή
475 2341 651 2424 πολιορκίᾳ
667 2337 726 2421 τῆς
749 2333 864 2423 Τύρου
881 2333 1105 2423 ξυνεχομένου
1115 2339 1158 2405 25

146 2435 371 2524 Ἀλεξάνδρου
394 2433 561 2522 ἀφίκοντο
584 2434 675 2525 παρά
700 2443 851 2525 Δαρείου
884 2435 1037 2525 πρέσβεις
1061 2434 1107 2515 οδς

151 2535 272 2624 αὐτόν,
293 2534 561 2623 ἀπαγγέλλοντες
578 2536 683 2625 μύρια
699 2535 762 2625 μὲν
779 2537 927 2606 τάλαντα
943 2535 1032 2627 ύπδρ
1049 2540 1108 2622 τῆς
1202 2549 1206 2557 “

151 2638 275 2728 μητρός
291 2665 327 2707 τε
344 2641 401 2708 καὶ
418 2638 477 2724 τής
495 2637 656 2725 γυναικός
674 2639 731 2708 καὶ
748 2643 818 2708 τῶν
835 2642 969 2709 παίδων
986 2643 1109 2708 δοῦναι

153 2740 282 2812 ἐθέλειν
302 2736 510 2830 Ἀλεξάνδρῳ
535 2751 699 2830 Δαρείου·
722 2739 784 2827 τήν
808 2739 847 2810 δὲ
863 2739 978 2830 χάραν
995 2744 1109 2809 πᾶσαν

114 2842 212 2930 ωτήν
243 2841 337 2922 ἐντὸς
362 2839 549 2929 Εὐφράτου
573 2842 725 2930 ποταμοῦ
747 2847 825 2911 ἐστε
849 2845 905 2912 ἐπὶ
930 2841 1108 2912 θάλασσαν

29 2973 33 2978 ’
151 2943 213 3032 τήν
227 2942 421 3032 Ἑλληνικήν
439 2941 663 3028 Ἀλεξάνδρου
687 2940 789 3012 εἶναι·
820 2943 973 3032 γήμαντα
991 2943 1030 3013 δδ
1046 2943 1109 3032 τήν

153 3054 305 3135 Δαρείου
324 3048 430 3114 παῖδα
450 3042 672 3133 Ἀλέξανδρον
690 3051 793 3132 φίλον
814 3071 850 3114 τε
867 3042 954 3114 είυαι
971 3053 1108 3137 Δαρείῳ

152 3148 210 3217 καί
224 3146 407 3236 ξύμμαχον.
437 3144 638 3216 καὶτούτων
653 3149 748 3236 ἐντῷ
764 3145 918 3238 ξυλλόγῳ
930 3152 1000 3215 τῶν
1015 3150 1107 3217 έταί-
1125 3157 1144 3207 2

154 3276 223 3338 ρων
237 3245 523 3334 ἀπαγγελθέντων
532 3255 757 3336 Παρμενίωνα
770 3247 833 3336 μέν
846 3247 1003 3334 λέγουσιν
1014 3247 1107 3318 Ἀλε-

119 3373 145 3416 ω
156 3349 291 3442 ξάνδρῳ
305 3357 413 3420 είπείυ
426 3345 477 3418 ότι
489 3346 593 3429 αύτός
606 3345 649 3418 ἀν
661 3346 878 3438 Ἀλέξανδρος
893 3344 942 3418 ἀν
956 3351 1012 3419 ἐπὶ
1025 3349 1106 3419 τού-

155 3478 224 3532 τοις
240 3450 392 3539 ήγάπησε
408 3449 601 3531 καταλύσας
618 3449 677 3520 τὸν
694 3450 841 3540 πόλεμον
858 3449 974 3540 μηκέτι
993 3449 1110 3538 πρόσω

154 3551 384 3624 κινδυνεύειν·
405 3551 628 3643 Ἀλέξανδρον
659 3551 697 3622 δέ
721 3559 936 3642 Παρμενίωνι
964 3549 1109 3639 ἀποκρί-
