2650 3948
466 949 781 1052 Procmonita‘

219 1253 295 1314 (ium
324 1271 433 1314 novam
465 1253 584 1312 Arriani
616 1253 775 1313 editionem
807 1253 969 1330 parandam
1000 1273 1095 1316 susce·

136 1342 263 1416 piscem,
291 1338 323 1398 id
351 1338 543 1414 potissimum
565 1338 626 1414 egi,
652 1349 700 1410 ut,
728 1338 895 1414 ubicunque
917 1339 990 1398 mihi
1011 1360 1029 1400 a
1049 1359 1095 1400 co·

137 1425 251 1484 dicibus
272 1422 467 1482 recedendum
489 1440 551 1482 esse
573 1427 724 1498 putarem,
751 1421 783 1480 id
812 1423 997 1498 paucissimis
1022 1425 1096 1486 locis

136 1509 267 1584 exceptis
289 1506 451 1566 indicarem
471 1505 608 1586 idemque
622 1506 777 1581 exscriptis
790 1507 923 1566 virorum
941 1507 1096 1568 doctorum

135 1591 306 1652 nominibus
328 1591 513 1650 coniecturas
535 1591 567 1649 in
588 1591 679 1651 rerba
698 1591 850 1666 scriptoris
871 1595 1006 1668 receptas
1028 1593 1095 1651 dili-

135 1680 242 1754 genter
268 1678 436 1748 enoterem3
469 1673 549 1750 quod
576 1692 643 1734 cum
674 1693 779 1750 parum
807 1679 943 1734 accurate
976 1676 1096 1736 fecisset

136 1761 275 1834 (icterus,
298 1759 351 1834 qui
364 1753 495 1836 priorem
510 1756 671 1816 editionem
683 1757 810 1832 curarit,
826 1777 968 1838 persaepe
984 1759 1095 1820 factum

136 1843 196 1918 est,
217 1848 270 1917 ut,
291 1845 343 1919 qui
359 1842 564 1902 Teubneriana
579 1837 711 1902 editione
725 1840 878 1916 utebatur,
901 1844 980 1903 haud
994 1845 1095 1920 paucis

136 1929 168 1988 in
189 1927 365 1988 lectionibus
386 1926 536 2000 haereret,
567 1925 640 2002 quid
664 1927 810 1986 librorum
837 1932 915 1986 esset
939 1929 1094 2004 scriptura,

136 2013 207 2089 quid
230 2013 364 2072 virorum
386 2011 540 2070 doctorum
563 2010 739 2069 coniectura.
780 2009 895 2070 Deinde
927 2012 1012 2072 facile
1045 2033 1095 2090 pa·

135 2097 213 2156 tebit
227 2115 274 2156 me
288 2096 320 2154 in
341 2096 442 2155 verbis
457 2095 610 2170 scriptoris
632 2095 846 2154 constituendis
861 2097 962 2171 paullo
984 2098 1095 2156 maiore

136 2179 236 2240 iudicii
268 2180 406 2238 libertate
438 2197 526 2238 usum
560 2197 623 2238 esse
660 2196 751 2254 quarn
784 2178 939 2254 liciorum,
978 2181 1030 2256 qui
1061 2185 1095 2240 ut

136 2267 202 2324 erat
227 2265 330 2324 anxius
357 2266 389 2322 in
416 2262 525 2322 tuenda
550 2262 696 2322 librorum
723 2265 867 2322 memoria
892 2265 942 2325 vel
973 2265 1094 2324 nimiam

136 2348 303 2409 cautionem
330 2347 362 2407 in
389 2347 444 2407 hoc
472 2365 581 2424 genere
602 2347 770 2406 adhibuisse
791 2348 919 2408 videtur.
961 2349 1041 2408 Nam
1061 2353 1095 2408 ut

136 2433 255 2492 Arriani
271 2433 376 2503 verbe,
399 2431 480 2490 vitiis
502 2431 639 2507 plurimis
654 2429 833 2505 deformata,
855 2451 931 2508 quae
945 2433 1095 2493 codicibus

135 2517 246 2576 nostris
274 2517 411 2575 omnibus
430 2515 525 2575 multo
547 2515 609 2575 sint
629 2515 808 2592 antiquiora,
831 2515 1033 2576 emendatiora
1048 2535 1095 2576 ex·

136 2600 309 2673 hibeantur‚
331 2600 410 2658 haud
425 2599 513 2658 dubie
528 2599 642 2675 ingenii
655 2600 785 2658 inventis
800 2617 874 2675 opus
888 2600 954 2663 fuit
989 2601 1094 2672 Quam-

136 2685 240 2744 obrem
268 2684 310 2743 eis
338 2684 425 2758 locis,
458 2701 532 2760 quos
559 2683 748 2743 librariorum
774 2682 891 2743 incuria
918 2685 1095 2760 depravatos

137 2787 201 2828 asse
222 2768 310 2828 certis
332 2768 368 2827 de
384 2767 494 2827 caussis
508 2767 571 2828 sive
592 2767 698 2843 logicis
717 2767 779 2828 sire
801 2770 1000 2844 grammaticis
1022 2769 1095 2830 mihi

137 2870 310 2928 persuasum
351 2851 454 2925 habui,
498 2851 718 2912 emendationes
753 2851 905 2928 Rapbelii,
943 2851 1094 2926 Gronovii,

136 2935 309 3010 Blancardi‚
330 2935 474 3011 Pflugkii‚
497 2934 676 3014 Krdgeri,
700 2934 889 3010 sirianis,
913 2939 964 3013 qui
979 2941 1095 2998 senten·

136 3021 245 3079 tiaram
273 3021 494 3079 continuatione
516 3019 667 3096 ipsiusque
689 3020 841 3096 scriptoris
862 3021 962 3082 indole
983 3025 1095 3082 mente·

136 3123 192 3180 que
213 3107 244 3164 et
265 3104 381 3163 dicendi
396 3104 607 3163 consuetudine
629 3103 790 3181 diligenter
804 3105 959 3166 observata
978 3110 1096 3182 praeter

136 3190 250 3248 ceteros
277 3188 313 3247 de
334 3188 462 3248 Arriano
489 3187 665 3248 coniecturis
687 3189 871 3250 emendando
896 3191 1014 3267 egregie
1035 3211 1095 3252 me·

135 3273 188 3330 riti
209 3273 295 3346 sunt,
323 3273 434 3331 inferre
455 3289 516 3331 non
537 3272 649 3331 veritus
670 3290 751 3346 sum,
777 3276 859 3332 ratus
881 3293 928 3332 me
949 3275 1005 3334 hcc
1027 3293 1094 3336 oon-

136 3355 202 3415 silio
223 3357 354 3416 tironum
370 3355 547 3428 commodis,
569 3356 677 3433 quibus
699 3356 771 3416 baec
786 3357 876 3417 editio
898 3358 948 3418 vel
969 3359 1095 3418 maxime

138 3439 283 3500 destinata
309 3443 368 3513 est,
402 3440 510 3500 melius
538 3439 759 3515 consulturum,
791 3460 880 3516 quam
908 3443 934 3501 si
961 3443 1094 3502 codicum

137 3525 291 3584 manifesta
311 3521 388 3584 vitia
409 3524 608 3585 retinuissem.
652 3524 738 3584 Hanc
758 3527 904 3584 rationem
927 3544 994 3586 cum
1017 3532 1093 3585 tene·
