2650 3948
463 277 649 333 ευεοεΣιΣ
668 281 690 342 ι,
711 282 751 330 ιο.
1056 277 1099 344 37

137 417 269 506 λιμένος
295 416 381 509 πρός
405 419 475 488 τών
499 424 658 510 τριηρῶν·
689 423 725 488 οί
748 417 787 487 δδ
812 418 929 488 πολλοὶ
954 416 992 489 ἐν
1010 417 1099 510 αύτή

137 525 180 610 τή
199 518 293 589 πόλει
310 517 518 590 άπώλλυντο.

212 614 428 711 Ἀλέξανδρος
460 620 499 691 δέ
530 615 689 710 ἐχομένης
719 619 784 709 ήδη
807 627 866 708 τής
890 620 1018 702 πόλεως
1041 617 1133 692 ἐπλὸ

138 720 220 803 τούς
244 719 280 803 ές
302 720 364 810 τήν
390 727 496 810 νήσου
518 721 814 812 καταπεφευγότας
831 721 968 793 ἐπέπλει
985 719 1099 810 αύτός,

112 851 126 892 ε
139 829 302 912 κλίμακας
315 825 431 912 φέρειν
444 821 500 894 ἐπὶ
516 823 575 905 τάς
589 823 724 913 πρώρας
741 829 811 892 τοῖν
823 829 969 915 τριηρῶν
982 824 1100 894 κελεύ-

140 947 213 1011 σας,
233 918 279 1006 ώς
296 923 378 994 κατά
396 921 437 994 τά
455 921 605 1013 άπότομα
621 928 680 1013 τής
706 924 827 1014 νήσου,
844 922 999 1015 καθάπερ
1017 925 1101 1011 πρός

139 1041 264 1114 τεῖχος,
283 1023 320 1095 ἐκ
337 1031 406 1097 τών
422 1032 512 1096 νεών
528 1026 590 1115 τήν
608 1024 776 1114 άπόβασιν
792 1026 1019 1116 ποιησόμενος.
1056 1022 1101 1108 ώς
1118 1041 1134 1090 6

140 1128 180 1197 δὲ
198 1125 466 1197 διακινδυνεύειν
480 1125 660 1208 ε’θέλοντας
677 1127 757 1208 τούς
774 1125 813 1198 έν
829 1133 872 1217 τῇ
889 1127 982 1222 νήσῳ
1002 1127 1100 1217 ἑώρα,

141 1227 250 1309 οἶκτος
268 1229 430 1317 λαμβάνει
446 1227 552 1298 αύτόν
569 1233 638 1298 τάν
656 1226 811 1318 άνδρών,
832 1228 881 1297 ότι
898 1237 1052 1316 γενναῖοί
1066 1257 1102 1301 τε

103 1359 128 1400 ιο
141 1330 198 1399 καὶ
215 1330 326 1399 πιστοὶ
343 1328 434 1422 αύτῷ
453 1328 643 1418 ἐφαίνοντο,
664 1331 721 1400 καὶ
739 1330 915 1400 σπένδεται
933 1329 1017 1419 πρός
1035 1329 1102 1400 αό-

140 1429 222 1512 τοδς
252 1428 308 1502 ἐπὶ
337 1436 424 1524 τῷδε
455 1429 500 1512 ώς
531 1430 624 1524 αύτῷ
654 1429 905 1521 ξυστρατεύειν·
947 1423 1035 1518 ἦσαν
1064 1432 1103 1501 δέ

141 1526 238 1602 οὗτοι
260 1532 462 1621 μισθοφόροι
476 1531 636 1621 Ἕλληνες
659 1531 695 1613 ἐς
718 1539 940 1621 τριακοσίους.
977 1531 1102 1614 αύτούς

141 1632 181 1703 δὲ
198 1640 406 1723 Μιλησίους,
430 1632 502 1704 ὅσοι
519 1633 564 1723 μή
582 1631 621 1704 ἐν
639 1639 681 1724 τῇ
699 1633 881 1722 καταλήψει
897 1639 956 1720 τής
974 1633 1102 1715 πόλεως

142 1743 273 1822 ἔπεσον,
293 1733 401 1823 άφήκε
417 1736 475 1804 καλ
493 1732 695 1824 ἐλευθέρους
713 1734 800 1804 εἶναι
818 1739 954 1805 ἔδωκεν.

104 1858 131 1906 1⁵
221 1839 268 1908 Οί
278 1835 316 1905 δέ
328 1842 490 1925 βάρβαροι
500 1833 567 1906 άπό
579 1842 638 1924 τῆς
652 1835 817 1926 Μυκάλης
830 1832 1018 1926 δρμιιμενοι
1030 1850 1101 1917 ταῖς
1120 1850 1135 1900 ι

143 1937 206 2026 μὲν
222 1935 358 2027 ἡμέραις
377 1939 537 2007 ἐπέπλεον
549 1944 596 2030 τῷ
605 1936 784 2028 Ἑλληνικῷ
797 1944 957 2030 ναυτικῷ,
975 1964 1101 2027 προκα-

144 2039 305 2108 λέσασθαι
332 2041 365 2119 ἐς
389 2045 581 2128 ναυμαχίαν
608 2042 806 2122 ἐλπίζοντες·
840 2036 899 2119 τάς
923 2039 961 2108 δὲ
978 2039 1102 2120 νύκτας

144 2139 229 2229 πρός
246 2146 287 2230 τῇ
301 2140 450 2231 Μυκάλη
464 2136 527 2210 ούκ
543 2143 579 2210 ἐν
592 2145 683 2232 καλῷ
699 2134 891 2229 ὡρμίζοντο,
911 2139 962 2209 ότι
974 2139 1102 2230 ύδρεύ-

124 2251 242 2325 Ιεσθαι
268 2239 334 2310 άπὸ
361 2247 423 2312 τού
447 2241 800 2332 Μαιάνδρουποταμού
842 2248 911 2309 τοῖν
955 2244 1103 2330 ἐκβολῶν

105 2371 133 2412 το
147 2341 202 2411 διά
224 2348 356 2431 μακροῦ
382 2340 614 2430 ἠναγκάζοντο.
642 2343 860 2432 Ἀλέξανδρος
886 2341 925 2410 δὲ
950 2358 1024 2423 ταῖς
1040 2342 1138 2430 μένε

144 2444 248 2513 ναυσὶ
268 2441 331 2514 τόν
353 2445 468 2532 λιμένα
496 2444 658 2532 ἐφύλαττε
684 2448 753 2512 τών
772 2450 967 2531 Μιλησίων,
996 2438 1041 2524 ώς
1057 2443 1103 2532 μή

144 2544 315 2632 βιάσαιντο
332 2549 368 2614 οί
381 2543 545 2634 βάρβαροι
560 2545 621 2615 τόν
639 2551 804 2634 ἔσπλουν,
832 2545 990 2633 ἐκπέμπει
1009 2542 1042 2614 δ’
1069 2547 1104 2625 ἐς

144 2645 207 2732 τήν
225 2645 392 2734 Μυκάλην
418 2647 589 2733 Φιλώταν,
603 2644 741 2744 ,άγοντα
758 2645 838 2727 τούς
855 2672 891 2716 τε
909 2646 1029 2728 ἱππέας
1046 2647 1104 2714 καὶ

144 2751 213 2816 τών
242 2752 349 2830 πεζόν
377 2747 481 2830 τάξεις
510 2741 618 2837 τρεῖς,
646 2755 872 2836 παραγγείλας
899 2759 1023 2834 εἴργειν
1046 2753 1105 2836 τής

106 2843 342 2935 ιεάποβάσεως
366 2847 445 2930 τούς
468 2846 535 2918 άπό
560 2855 629 2918 τῶν
651 2855 749 2918 νεών.
784 2853 821 2918 οί
843 2849 892 2936 δέ,
918 2847 1042 2929 ύδατός
1067 2875 1105 2918 τε

144 3049 420 3140 πολιορκούμενοι
437 3053 474 3119 ἐν
489 3065 563 3131 ταῖς
581 3059 723 3139 ναυσίν,
743 3053 777 3133 ές
797 3050 915 3140 Σάμον
933 3047 1104 3120 άπέπλευ-

145 3170 224 3221 σαν·
253 3153 385 3221 ἐκεῖθεν
411 3151 449 3221 δέ
473 3152 726 3240 ἐπισιτισάμενοι
750 3145 850 3232 αὖθις
875 3153 1037 3220 ἐπέπλεον
1061 3156 1104 3241 τῇ

145 3251 297 3346 Μιλήτῳ.
338 3252 395 3322 καί
417 3251 477 3334 τάς
501 3252 564 3342 μὲν
587 3253 806 3334 πολλάςτοόυ
831 3257 920 3322 νεών
952 3251 1017 3340 πρό
1041 3258 1139 3322 τούθ

105 3381 132 3424 ιο
145 3355 278 3443 λιμένος
297 3355 334 3422 ἐν
350 3381 506 3448 μετειιρςο
529 3356 735 3443 παρέταξαν,
758 3364 793 3424 ελ
805 3378 852 3442 πη
871 3355 1104 3423 ἐκκαλέσαιντο

145 3458 179 3536 ἐς
204 3453 242 3524 τό
269 3455 412 3542 πέλανος
437 3455 517 3536 τούς
543 3454 760 3535 Μακεδόνας·
795 3457 896 3525 πέντε
925 3454 964 3524 δέ
989 3451 1105 3523 αύτών

146 3556 366 3626 εἰσέπλευσαν
398 3562 447 3638 είς
470 3555 531 3626 τόν
553 3555 676 3646 μεταξύ
709 3562 768 3645 τής
799 3583 836 3626 τε
858 3554 972 3642 Λάδης
994 3553 1103 3642 νήσου
