2664 3946
488 227 674 280 εαεεεαιε
691 231 721 290 ι,
741 232 765 280 τ.
1045 229 1106 294 159

143 386 387 473 Φραταφέρνης
435 409 471 454 τε
518 377 537 452 ό
580 392 794 471 Παρθυαίων
837 383 1007 472 σατράπης
1048 389 1106 456 καὶ

142 484 332 575 Στασάνωρ
358 479 376 554 ό
406 487 440 566 ές
453 482 603 573 Ἀρείους
620 484 855 574 ἀποπεμφθεὶς
878 484 923 566 ὥς
937 485 1106 576 Ἀρσάμην

142 585 410 675 συλληψόμενος,
436 584 496 654 τόν
522 612 558 656 τε
581 583 750 676 Ἀρσάμην
771 589 952 674 δεδεμένου
969 586 1106 674 άγοντες

141 691 197 758 καὶ
215 685 403 776 Βαρζάνηυ,
428 684 544 756 ὅντινα
564 693 698 775 Βήσσος
718 690 778 774 τής
804 695 1018 777 Παρθυαίων
1044 711 1107 758 σα-

114 789 273 878 ετράπην
298 792 488 878 κατέστησε,
515 796 575 858 καί
597 816 689 871 τινας
713 787 838 868 ἄλλους
864 792 935 858 τῶν
951 790 1027 860 τότε
1044 789 1107 872 ξόν

141 891 262 984 Βήσσφ
293 887 524 960 άποστάντων.
577 880 660 977 ήκον
686 890 724 960 δὲ
752 893 788 959 ἐν
813 893 863 982 τῷ
889 888 982 983 αὐτῷ
1007 891 1140 964 'Eud-2

141 1000 251 1073 κιλλος
290 994 347 1060 καὶ
386 997 607 1078 Μελαμνίδας
641 993 698 1060 καὶ
737 999 945 1080 Πτολεμαῖος
984 989 1002 1060 ὁ
1038 998 1106 1061 τῶν

143 1098 287 1184 Θρακῶν
315 1091 499 1180 στρατηγὸς
524 1090 591 1162 άπὸ
616 1092 802 1181 θαλάσσης,
835 1101 872 1162 οἳ
893 1091 935 1162 τά
960 1121 995 1162 τε
1021 1093 1105 1181 χρή-

141 1220 228 1282 ματα
246 1193 287 1262 τά
303 1193 366 1274 ξύν
376 1195 508 1280 Μένητι
522 1195 719 1282 πεμφθέντα
737 1193 794 1262 καί
811 1193 893 1274 τούς
910 1192 1105 1281 ξυμμάχους

103 1315 128 1356 1⁰
143 1293 188 1376 ὦς
222 1297 277 1364 ἐπὶ
307 1295 485 1364 θάλασσαν
518 1295 717 1382 κατήγαγον.
776 1294 833 1362 καὶ
848 1292 1037 1382 ’Ἀσανδρος
1070 1295 1107 1364 δὲ

143 1401 180 1467 έν
213 1395 324 1488 τούτῳ
356 1388 416 1484 ήκε
450 1397 508 1464 καὶ
541 1398 714 1484 Νέαρχος,
753 1395 910 1483 στρατιάν
939 1393 1107 1483 Ἑλλήνων

141 1496 362 1586 μισθοφόρων
400 1495 557 1584 άγοντες,
599 1499 656 1566 καὶ
691 1491 977 1586 Ἀσκληπιόδωρός
1014 1522 1050 1566 τε
1088 1495 1106 1567 ό

145 1604 277 1686 Συρίας
305 1597 474 1688 σατράπης
499 1601 557 1668 καὶ
583 1600 701 1685 Μένης
728 1590 746 1667 ό
773 1595 925 1688 ὕπαρχος
950 1595 1016 1666 άπὸ
1039 1607 1106 1666 θα-

143 1698 284 1787 λάσσης,
309 1701 366 1767 καὶ
393 1691 488 1770 οὗτοι
515 1698 672 1789 στρατιάν
699 1696 847 1786 άγοντες.

110 1817 136 1858 1⁶
207 1798 318 1872 Ἔνθα
336 1798 379 1888 δή
395 1799 561 1886 ξύλλογον
579 1804 615 1870 ἐκ
631 1805 701 1868 τόν
714 1799 892 1888 παρόντων
904 1798 1107 1886 ξυναγαγών
1124 1811 1140 1860 3

138 1901 357 1989 Ἀλέξανδρος
396 1900 591 1989 παρήγαγεν
630 1903 664 1982 ἐς
696 1896 822 1982 αὐτοὺς
855 1903 1005 1988 Βήσσου
1051 1901 1107 1970 καὶ

142 2001 371 2091 κατηγορήσας
402 2003 463 2091 τήν
489 2009 639 2093 Δαρείου
667 2007 852 2091 προδοσίαν
877 2002 940 2091 τήν
965 2028 1001 2071 τε
1028 2004 1107 2090 ῥῖνα

143 2103 278 2192 Βήσσου
305 2098 542 2192 άποτμηθήναι
568 2105 692 2173 καὶτὰ
720 2093 787 2173 ότα
813 2103 899 2193 άκρα
920 2104 1108 2191 ἐκέλευσεν,

144 2204 251 2274 αὐτόν
283 2205 321 2274 δὲ
354 2207 388 2285 ἐς
418 2203 604 2292 Ἐκβάτανα
630 2203 792 2292 άγεσθαι,
828 2205 873 2284 αἱς
901 2208 972 2275 ἐκεῖ
996 2206 1032 2272 έν
1057 2206 1108 2295 τῷ

105 2331 130 2372 κο
145 2305 277 2394 Μήδων
310 2333 346 2376 τε
377 2308 434 2376 καὶ
460 2312 605 2394 Περσῶν
632 2305 786 2398 ξυλλόγῳ
813 2303 1105 2392 άποθανοόμενον.

144 2412 201 2477 καὶ
228 2406 293 2493 έγιό
321 2405 400 2476 οὔτε
431 2407 492 2495 τήν
518 2405 605 2495 άγαν
631 2407 758 2494 ταύτην
784 2413 944 2495 τιμωρίαν
971 2404 1140 2492 Βήσσου4

145 2511 283 2596 ἐπαινῶ,
310 2505 395 2576 άλλά
421 2506 628 2596 βαρβαρικόν
656 2507 741 2577 εἶναι
757 2515 892 2596 τίθεμαι
908 2511 976 2576 τῶν
994 2503 1107 2594 άκρω-

143 2618 269 2698 κηρίων
307 2607 367 2696 τήν
406 2608 520 2698 λάβην
560 2611 617 2678 καὶ
653 2607 850 2696 όπαχθήναι
886 2606 1107 2694 Ἀλέξανδρον

144 2711 294 2799 ξύμφημι
326 2713 359 2790 ἐς
396 2713 493 2797 ζήλου
519 2716 581 2780 τοῦ
608 2715 767 2796 Μηδικοῦ
793 2737 829 2780 τε
854 2712 910 2779 καὶ
937 2713 1107 2799 Περσικοῦ

106 2811 295 2882 τεπλοότου
327 2811 385 2880 καὶ
417 2817 477 2899 τής
508 2810 591 2880 κατά
623 2810 703 2891 τούς
735 2811 926 2900 βαρβάρους
951 2811 1108 2900 βασιλέας

145 2911 209 2983 οὐκ
237 2923 309 3000 ίσης
336 2915 370 2992 ές
395 2911 475 2993 τοός
492 2911 666 3002 όπηκόους
685 2912 953 3000 ξυνδιαιτήσεως,
981 2909 1108 2999 ἑσθήτά

144 3041 181 3084 τε
207 3013 258 3084 ὅτι
283 3012 444 3102 Μηδικήν
470 3013 547 3083 ἀντὶ
572 3017 631 3102 τής
657 3015 890 3102 Μακεδονικῆς
911 3015 1021 3082 τεκαὶ
1041 3036 1107 3080 πα-

144 3121 239 3204 τρίου
263 3115 479 3206 Ἡρακλείδης
506 3112 554 3184 ὧν
580 3117 777 3204 μετέλαβεν,
810 3113 943 3203 οὐδαμῆ
970 3117 1107 3201 ἐπαινοῖ,

144 3217 200 3285 καὶ
232 3215 293 3304 τήν
325 3223 455 3304 κίταριν
486 3219 547 3305 τήν
580 3215 750 3304 Περσικήν
782 3219 850 3285 τῶν
882 3219 1108 3306 νενικημένων

108 3314 225 3386 ιοάντὶ
252 3309 300 3386 ὧν
327 3317 429 3398 αὐτὸς
456 3316 474 3386 ὁ
501 3322 605 3387 νικῶν
631 3316 732 3386 πάλαι
759 3317 873 3406 ἐφόρει
891 3314 1027 3406 ἀμεῖψαι
1044 3313 1108 3387 οὐκ

146 3420 330 3508 ε’πηδέσθη,
373 3416 477 3488 οὐδὲν
508 3419 638 3488 τούτων
672 3421 805 3507 ἐπαινῶ,
842 3412 915 3487 ἀλλ’
952 3428 1044 3508 εἴπερ
1079 3439 1142 3487 τιο

144 3519 241 3608 άλλο,
277 3521 334 3589 καὶ
369 3518 409 3588 τά
441 3516 664 3609 Ἀλεξάνδρου
704 3518 832 3607 μεγάλα
863 3517 1042 3608 πράγματα
1075 3521 1108 3598 ές
