2678 3950
489 258 674 310 ΔΝΑΒΑΣΙΣ
691 262 715 322 4,
735 261 775 312 19.
1053 259 1112 320 179

225 414 477 503 Ξυνταξάμενοι
490 416 532 501 δὴ
551 413 622 484 ὅσοι
639 424 857 504 πετροβατεῖν
878 417 914 484 ἐν
930 428 1003 494 ταίς
1017 421 1107 482 πολι·
1127 417 1164 482 19

149 523 277 605 ορκίαις
303 513 420 585 αύτιόν
446 515 723 604 μεμελετήκεσαν,
758 519 791 596 ἐς
816 523 1026 603 τριακοσίους
1053 514 1114 583 έὸν

149 615 308 705 άριθμύν,
335 617 392 685 καὶ
415 616 607 698 πασσάλους
634 616 774 705 μικρούς
801 620 972 706 σιδηροῦς,
998 611 1050 695 οἷς
1076 619 1116 685 οιί

149 721 270 805 σκηναὶ
302 718 579 805 καταπεπήγεσαν
610 719 747 805 αύτοϊς,
783 717 1111 807 παρασκευάσαντες,

122 825 211 888 ετοῦ
241 818 497 906 καταπηγνύναι
525 818 652 900 αύτούς
687 825 720 901 ἐς
751 846 786 889 τε
811 819 873 906 τήν
904 819 999 906 χιόνα
1023 817 1112 887 όπου

148 936 319 1008 πεπηγυῖα
345 928 467 1008 φανείη
494 923 551 990 καὶ
578 931 612 990 εί
634 921 702 990 πού
728 949 759 990 τι
781 926 840 1007 τῆς
859 919 970 1008 χωρας
989 926 1113 1009 ἔρημον

148 1021 258 1108 χιόνος
275 1021 516 1110 ύποφαίνοιτο,
534 1024 592 1090 καὶ
609 1022 752 1103 τούτους
770 1027 946 1102 καλωδίοις
965 1025 1001 1091 ἐκ
1015 1029 1111 1089 λίνου

149 1129 301 1211 ίσχυροϊς
326 1121 525 1209 ἐκδήσαντες
547 1128 606 1210 τῆς
631 1122 755 1203 νυκτός
778 1119 1003 1210 προύχάρουν
1028 1121 1112 1190 κατὰ

148 1223 187 1294 τό
206 1222 465 1312 άποτομύτατόν
482 1251 517 1293 τε
535 1229 597 1311 τής
615 1224 738 1312 πέτρας
762 1223 818 1292 καὶ
843 1223 949 1311 ταύτῃ
975 1218 1111 1310 άφυλα-

112 1354 135 1394 ιο
149 1326 316 1394 κτότατου.
378 1327 435 1394 καί
473 1325 617 1405 τούτους
657 1324 737 1406 τούς
776 1323 970 1404 πασσάλους
1006 1347 1144 1395 κατα-ε

148 1425 337 1516 πηγνύντες
350 1425 413 1514 μὲν
430 1433 478 1507 είς
492 1425 554 1514 τήν
566 1432 642 1514 γῆν,
661 1423 746 1496 ὅπου
761 1433 962 1513 διεφαίνετο,
979 1425 1060 1505 τούς
1074 1425 1111 1495 δὲ

148 1530 205 1596 καὶ
232 1533 291 1614 τῆς
317 1528 427 1613 χιόνος
455 1530 489 1607 ἐς
514 1527 554 1596 τά
585 1527 727 1614 μάλιστα
754 1527 795 1597 ού
826 1526 1110 1617 θρυφθησόμενα,

148 1627 307 1698 άνείλκον
325 1633 414 1716 σφᾶς
432 1625 558 1708 αύτούς
582 1627 676 1697 άλλοι
694 1627 778 1718 άλλη
802 1633 861 1715 τῆς
886 1628 1017 1715 πέτρας.
1053 1628 1111 1696 καλ

148 1731 278 1798 τούτων
297 1731 330 1809 ἐς
347 1729 526 1818 τριάκοντα
550 1728 612 1816 μὲν
632 1732 668 1798 ἐν
683 1733 725 1819 τή
744 1728 904 1818 ἀναβάσει
921 1728 1110 1816 διεφθάρη-

110 1858 134 1898 ιε
149 1852 225 1913 σαν,
245 1828 328 1899 ὥστε
347 1828 427 1900 ούδὲ
445 1828 485 1898 τά
504 1831 640 1917 σύματα
658 1829 774 1900 αύταῑν
795 1833 827 1911 ἐς
845 1828 958 1918 ταφήν
972 1829 1111 1918 εύρέθη,

150 1931 334 2018 ἐμπεσόντα
359 1930 443 2020 άλλη
468 1933 525 2000 καὶ
549 1931 635 2021 άλλη
656 1935 712 2020 τῆς
730 1931 849 2018 χιόνος.
894 1936 931 2000 oc
945 1931 983 2001 δὲ
1002 1933 1144 2000 λοιποί3

149 2031 332 2122 ἀναβάντες
364 2031 433 2102 ύπό
466 2033 528 2119 τήν
556 2036 599 2103 έω
631 2037 688 2103 καί
714 2033 751 2102 τδ
785 2033 890 2122 ἄκρον
923 2038 983 2102 τοῦ
1010 2031 1111 2121 όρους

148 2135 389 2220 καταλαβόντες
408 2135 566 2214 σινδόνας
590 2138 759 2205 κατέσειον
778 2133 823 2214 τίς
842 2137 897 2204 ἐπὶ
914 2135 951 2202 τὸ
970 2134 1111 2220 στρατό-

89 2245 91 2249 ’
149 2240 252 2304 πεδον
270 2240 338 2303 τῶν
353 2235 578 2324 Μακεδόνων,
596 2233 704 2317 οὕτως
718 2235 835 2316 αύτοῑς
850 2239 883 2316 ἐξ
890 2234 1111 2323 Ἀλεξάνδρου

108 2365 135 2406 ιο
150 2337 433 2425 παρηγγελμένου.
450 2339 584 2426 πέμψας
594 2337 631 2406 δὲ
641 2338 770 2425 κήρυκα
786 2341 945 2424 ἐμβοῆσαι
959 2337 1112 2404 ἐκέλευσε

147 2454 218 2518 τοῖς
244 2438 524 2524 προφυλάσσουσι
552 2441 621 2507 των
646 2438 828 2526 βαρβάρων
854 2437 898 2524 μή
926 2442 1109 2525 διατρίβειν

149 2545 215 2626 ἐτι,
242 2537 327 2606 άλλά
354 2539 576 2629 παραδιδόναι
602 2543 704 2626 σφᾶς·
751 2541 950 2625 ἐξευρῆσθαι
975 2537 1040 2623 γάρ
1068 2536 1109 2622 δὴ

147 2641 228 2720 τούς
255 2640 402 2728 πτηνούς
429 2639 635 2729 ἀνθρώπους
661 2643 718 2710 καὶ
746 2646 880 2726 ἔχεσθαι
905 2636 968 2707 ύπ’
994 2636 1109 2706 αὐτῶν

146 2744 208 2810 τού
236 2739 338 2830 ὅρους
364 2741 405 2810 τά
425 2740 525 2830 άκρα·
553 2743 609 2809 καί
631 2739 699 2830 ἅμα
720 2745 892 2811 ἐδείκνυεν
914 2737 995 2819 τούς
1021 2737 1109 2827 ὑπὲρ

109 2848 207 2931 ιετῆς
234 2848 389 2931 κορυφῆς
416 2841 625 2930 στρατιάτας.

227 2949 273 3013 Οί
293 2944 330 3012 δὲ
354 2941 517 3031 βάρβαροι
541 2944 761 3030 ἐκπλαγέντες
780 2945 827 3035 τῷ
846 2942 1027 3035 παραλόγῳ
1049 2947 1143 3030 τῆςε

147 3042 254 3126 ὄψεως
287 3045 345 3113 καὶ
369 3045 526 3124 πλείονάς
549 3072 585 3114 τε
608 3043 880 3132 ὑποτοπήσαντες
911 3041 997 3113 είναι
1026 3042 1108 3124 τούς

147 3147 344 3232 κατέχοντας
362 3145 402 3213 τά
423 3144 510 3234 άκρα
527 3148 584 3214 καὶ
602 3140 747 3235 άκριβῶς
778 3143 1008 3232 ὡπλισμένους
1033 3145 1108 3213 ἐνέ-

148 3250 252 3315 δοσαν
267 3249 355 3334 σφᾶς
369 3244 510 3327 αύτούς·
529 3244 617 3315 οὕτω
631 3247 716 3333 πρός
730 3245 791 3332 τήν
806 3243 885 3326 ὄψιν
898 3249 968 3313 τῶν
982 3243 1108 3330 ὀλίγων

111 3379 134 3420 ιο
149 3350 288 3417 ἐκείνων
306 3347 516 3416 Μακεδόνων
533 3349 671 3437 φοβεροὶ
691 3348 855 3432 ἐγένοντο.
887 3351 971 3415 ἔνθα
988 3347 1029 3434 δή
1043 3345 1107 3414 άλ-

146 3456 215 3517 λων
232 3475 269 3516 τε
286 3453 421 3516 πολλῶν
439 3462 597 3534 γυναῖκες
620 3450 677 3518 καί
697 3453 814 3528 παῖδες
836 3443 1031 3534 ἐλήφθησαν
1049 3447 1106 3515 καὶ

112 3583 114 3590 ’
147 3548 167 3635 ἡ
183 3549 270 3636 γυνή
286 3547 306 3638 ή
320 3548 501 3640 Ὀξυάρτου
516 3551 572 3618 καί
587 3555 622 3619 οί
635 3553 765 3630 παῖδες.
799 3551 855 3618 καὶ
872 3539 914 3634 ἦν
927 3546 993 3636 γάρ
1004 3546 1102 3628 Ὀξυ-
1123 3569 1140 3618 5

851 3662 901 3712 12*
