2678 3950
225 229 287 290 222
579 230 833 286 ΑΛΕΞΑΝΔΡΟΤ

225 386 262 455 τὸ
290 385 417 474 δεξιόν,
449 386 512 474 τὴν
538 394 734 475 Δημητρίου
761 388 818 455 καὶ
844 386 905 474 τὴν
932 381 1038 455 αύτού
1068 393 1186 473 ἔχοντα

228 492 423 574 ἱππαρχίαν,
450 488 625 576 κελεύσας,
645 487 781 557 ἐπειδάν
799 485 837 556 τό
856 489 940 556 κατὰ
958 490 1048 575 σφᾶς
1066 503 1185 576 στῖφος

225 591 293 656 τῶν
312 588 441 658 ἱππέων
459 587 587 668 ἰδόντες
605 593 643 658 οἱ
661 589 825 678 βάρβαροι
842 587 1184 676 ἀντιπαριππεύωσιν,

226 689 331 758 αύτδν
355 688 495 759 κατόπιν
522 695 656 776 ἔχεσθαι
682 689 813 760 αὐτῶν·
849 695 918 758 τῶν
945 695 1050 773 πεζῶν
1068 689 1106 760 δὲ
1123 691 1185 778 τὴν

226 789 383 877 φάλαγγα
398 791 556 882 Σελεύκῳ
569 793 626 860 καὶ
637 786 816 877 Ἀντιγένει
829 791 886 860 καὶ
904 791 1059 879 Ταύρωνι
1077 813 1183 880 προσ·
1210 817 1224 859 ε
1327 829 1330 846 «

227 891 339 971 ἐταξεν
365 889 472 977 άγειν·
511 892 555 979 μὴ
582 892 733 980 πρόσθεν
761 892 800 962 δέ
823 890 987 961 ἅπτεσθαι
1003 898 1064 960 τού
1083 898 1184 980 ἔργον

226 993 307 1079 πρὶν
332 989 400 1061 ύπδ
425 997 483 1080 τῆς
508 997 613 1062 ἵππου
631 999 690 1080 τῆς
708 991 793 1081 ἄμφ’
814 991 919 1062 αύτδν
937 996 1185 1082 τεταραγμένην

225 1096 286 1180 τήν
323 1121 358 1162 τε
398 1093 557 1181 φάλαγγα
595 1100 663 1164 τῶν
702 1097 810 1177 πεζῶν
848 1096 904 1162 καί
942 1095 1022 1174 τούς
1065 1096 1184 1174 ἱππέας

226 1199 417 1264 κατίδωσιν.

194 1321 211 1366 4
289 1293 377 1382 Ἤδη
402 1322 440 1364 τε
467 1294 561 1376 έντδς
586 1297 707 1384 βέλους
736 1299 886 1382 ἐγίγνετο
912 1281 970 1365 καί
987 1298 1110 1384 ἐφῆκεν
1129 1298 1183 1366 ἐπὶ
1200 1323 1223 1362 ιο

225 1396 263 1465 τδ
278 1397 376 1483 κέρας
389 1395 426 1465 τδ
446 1395 624 1484 εύύνυμον
641 1401 709 1464 τῶν
724 1393 843 1466 Ἰνδῶν
855 1396 935 1477 τούς
954 1397 1182 1488 ἱπποτοξότας,

225 1494 326 1578 ὄντας
353 1501 386 1577 ἐς
411 1504 551 1584 χιλίους,
580 1491 624 1576 οἱς
651 1495 787 1586 ταράξαι
811 1495 892 1576 τούς
909 1498 1015 1587 ταύτῃ
1043 1501 1183 1586 ἐφεστη-

225 1597 325 1678 κότας
350 1604 420 1666 τῶν
446 1587 615 1685 άολεμίων
632 1604 676 1686 τῇ
702 1597 890 1685 πυκνότητί
912 1625 948 1668 τε
973 1603 1043 1667 τῶν
1067 1602 1183 1680 τοξευ-

225 1699 337 1787 μάτων
363 1701 420 1767 καὶ
446 1701 514 1768 τῶν
541 1703 654 1768 ἵππων
679 1702 720 1788 τῇ
749 1700 908 1770 ἐπελάσει.
953 1701 1009 1767 καὶ
1028 1697 1128 1780 αὐτὸς
1147 1699 1184 1768 δέ

225 1799 306 1880 τούς
332 1801 484 1888 ἑταίρους
504 1805 589 1886 ἔχων
606 1798 688 1879 τούς
708 1803 828 1880 ἱππέας
846 1801 1064 1888 παρήλαυνεν
1083 1799 1183 1881 ὀξέως
1198 1825 1221 1866 ιε
1324 1879 1330 1902 ι

227 1901 281 1970 ἐπὶ
306 1899 344 1968 τό
372 1897 549 1988 εὐώνυμον
574 1903 643 1969 τῶν
668 1902 866 1990 βαρβάρων,
900 1900 983 1970 κατά
1009 1903 1109 1990 κέρας
1137 1907 1184 1971 ἔτι

225 2001 478 2090 τεταραγμένοις
505 2006 662 2088 ἐμβαλεῖν
689 2002 844 2090 σπονδὴν
865 2003 1076 2090 ποιούμενος,
1103 2003 1184 2092 πρὶν

227 2103 283 2172 ἐπὶ
310 2100 480 2189 φάλαγγος
507 2105 690 2190 ἐκταθῆναι
715 2101 830 2184 αὐτοῖς
855 2102 917 2190 τὴν
943 2109 1057 2172 ἱππον.

180 2198 216 2262 17
302 2201 356 2272 'Ev
373 2203 484 2294 τούτῳ
502 2202 541 2272 δέ
559 2209 595 2272 οἱ
609 2231 644 2272 τε
657 2203 757 2272 Ἰνδοὶ
774 2203 855 2283 τούς
876 2207 996 2285 ἱππέας
1014 2205 1184 2274 πάντοθεν

225 2307 464 2386 ξυναλίσαντες
498 2312 712 2394 παρίππευον
739 2303 947 2398 Ἀλεξάνδρῳ
983 2305 1181 2394 άντιπαρεξ-
1194 2332 1221 2372 εο

225 2405 364 2493 άγοντες
385 2410 427 2494 τῇ
450 2407 569 2492 ἐλάσει,
595 2407 652 2475 καλ
675 2410 712 2474 οἱ
730 2408 806 2494 περὶ
827 2415 964 2493 Κοῖνον,
988 2405 1033 2486 οἱς
1052 2407 1182 2496 παρήγ-

225 2515 340 2594 γελτο,
365 2506 505 2574 κατόπιν
532 2505 648 2588 αύτοϊς
676 2510 908 2594 ἐπεφαίνοντο.
953 2509 1061 2576 ταῦτα
1087 2507 1181 2586 ξυνι-

226 2608 341 2686 δόντες
367 2611 402 2675 οἱ
413 2606 513 2677 Ἰνδοὶ
540 2607 750 2698 άμφίστομον
767 2607 1031 2698 ἡναγκάσθησαν
1051 2613 1183 2695 ποιῆσαι

224 2709 286 2795 τὴν
312 2707 405 2789 τάξιν
431 2711 488 2796 της
514 2713 633 2797 ἵππου,
659 2710 722 2797 τὴν
748 2709 810 2797 μὲν
829 2709 875 2790 ὥς
894 2709 946 2778 ἐπ’
963 2708 1186 2798 Ἀλέξανδρον

224 2809 285 2896 τὴν
312 2807 441 2896 πολλήν
472 2837 508 2878 τε
534 2813 590 2879 καὶ
615 2819 811 2898 κρατίστην·
845 2817 882 2880 οἱ
905 2811 943 2879 δέ
971 2813 1025 2880 ἐπὶ
1053 2811 1222 2881 Κοϊνόνει
1329 2809 1330 2824 ’

192 2927 207 2975 2
225 2937 261 2978 τε
286 2911 343 2978 καὶ
369 2909 450 2991 τούς
468 2909 536 2998 ἅμα
552 2912 663 3001 τούτῳ
689 2913 902 3000 ἐπέστρεφον.
946 2911 1049 2980 τούτό
1066 2939 1101 2980 τε
1118 2903 1182 2980 οὖν

226 3007 336 3090 εύθύς
364 3010 499 3100 ἐτάραξε
524 3011 583 3091 τὰς
609 3010 715 3091 τάξεις
741 3038 776 3080 τε
801 3014 858 3081 καὶ
882 3011 942 3092 τάς
959 3013 1096 3100 γναίμας
1113 3015 1182 3082 τῶν

221 3111 339 3182 Ἰνδῶν
365 3113 422 3180 καὶ
446 3110 660 3203 Ἀλέξανδρος
688 3111 772 3182 ίδαδν
797 3113 858 3181 τδν
883 3112 1002 3202 καιρόν
1030 3117 1067 3182 ἐν
1092 3113 1181 3202 αὐτῇ

224 3215 266 3302 τῇ
287 3215 342 3282 ἐπὶ
360 3213 488 3303 θάτερα
507 3216 693 3303 ἐπιστροφῇ
711 3215 769 3301 τῆς
788 3217 894 3282 ἵππον
916 3216 1097 3284 ἐπιτίθεται
1112 3228 1182 3294 τοῖς

224 3313 304 3384 καθ’
333 3312 451 3403 αύτόν,
479 3313 563 3384 ὥστε
589 3314 671 3384 ούδέ
696 3314 757 3400 τὴν
776 3315 921 3402 ἐμβολὴν
941 3317 1095 3396 ἐδέξαντο
1112 3319 1222 3386 τῶνιο
1329 3401 1330 3412 ρ

224 3410 310 3504 ἄμφ’
325 3414 545 3507 Ἀλέξανδρον
573 3417 702 3485 ἱππέων
726 3420 763 3485 οἱ
783 3415 899 3502 Ἰνδοί,
926 3415 1010 3486 άλλδι
1035 3413 1181 3505 κατηρά-

223 3529 354 3606 χδησαν
382 3514 493 3607 ὥσπερ
515 3523 564 3598 εἰς
582 3517 689 3610 τεῖχός
707 3543 737 3585 τι
755 3524 868 3605 φίλιον
886 3516 966 3597 τούς
987 3518 1180 3604 ἐλέφαντας.
