2590 3948
201 221 265 287 280
553 219 812 280 εεεπεειοεοτ

167 379 290 452 εάλλά
315 379 374 461 τάς
400 376 637 468 εὐπορωτάτας
662 393 733 460 τοίς
751 378 888 465 ζεύγεσι.
933 381 990 450 καὶ
1008 378 1117 461 ούτως
1135 383 1177 450 οί

203 483 266 556 μὲν
281 479 373 574 νόσῳ
398 482 482 551 κατὰ
508 478 569 561 τάς
595 479 700 561 ὁδούς
722 478 957 568 ὑπελείποντο,
991 487 1028 551 οί
1042 481 1079 550 δὲ
1096 481 1171 550 ύπό

203 583 354 672 καμάτου
381 577 411 670 ἣ
425 581 596 669 καύματος
621 577 643 668 ἢ
675 587 723 674 τῷ
751 587 843 663 δίψει
867 579 933 652 ούκ
958 580 1171 672 άντέχοντες,

204 687 260 755 καί
286 682 365 753 ούτε
388 687 423 752 οί
447 681 582 765 ἄξοντες
607 674 694 771 ἦσαν
719 680 798 752 οὔτε
823 688 861 754 οί
880 684 1038 773 μένοντες
1060 695 1171 774 θερα-
1276 740 1277 784 η

204 785 398 866 πεύσοντες·
426 789 560 874 σπουδῇ
593 783 659 872 γάρ
682 787 790 874 πολλῇ
816 787 967 872 ἐγίγνετο
992 785 1011 854 ό
1038 785 1199 866 στόλος,τ

204 891 261 959 καὶ
295 888 332 956 ἐν
365 890 413 978 τῷ
446 884 534 976 ύπὲρ
566 892 627 958 τού
660 884 786 966 παντός
819 887 988 979 προθύμῳ
1020 885 1057 957 τό
1085 885 1169 957 καθ’

205 989 365 1070 ἑκάστους
398 985 462 1068 ξύν
495 985 627 1077 ἀνάγκη
654 982 823 1076 ἠμελεῖτο·
862 992 898 1056 οί
921 988 959 1056 δὲ
985 988 1042 1056 καὶ
1068 985 1172 1081 ύπνῳ
1277 984 1278 1044 ί

204 1092 337 1176 κάτοχοι
363 1089 445 1158 κατὰ
472 1087 534 1170 τάς
560 1087 666 1170 ὁδούς
692 1087 878 1177 γενόμενοι,
905 1083 961 1160 οἷα
979 1089 1021 1178 δὴ
1046 1088 1172 1171 νυκτός

204 1193 243 1262 τό
278 1187 367 1260 πολύ
401 1191 462 1271 τάς
488 1198 627 1280 πορείας
658 1190 868 1278 ποωύμενοι,
908 1195 1021 1260 ἔπειτα
1048 1192 1170 1272 ἐξανα-
1278 1228 1279 1270 η

207 1292 355 1377 στάντες,
382 1287 434 1373 οἷς
459 1291 524 1380 μέν
550 1292 694 1379 δύναμις
720 1298 768 1360 ἐτι
792 1281 936 1380 ἦνκατά
955 1291 996 1360 τά
1017 1301 1092 1381 ι’χυη
1109 1297 1170 1379 τῆς
1187 1323 1211 1364 ιι

206 1394 360 1485 στρατιᾶς
387 1393 677 1482 ἐφομαρτήσαντες
703 1390 811 1480 ὀλίγοι
838 1391 905 1462 άπό
930 1398 1066 1462 πολλῶν
1086 1393 1170 1464 ἐσιό-

205 1507 331 1586 θησαν·
372 1499 407 1562 οἱ
431 1493 550 1564 πολλοὶ
576 1493 614 1563 δέ
634 1490 745 1585 ὥσπερ
764 1496 801 1563 ἐν
819 1494 956 1581 πελάγει
975 1494 1172 1576 ἐκπεσόντες
1279 1472 1280 1564 ἐ

79 1603 82 1610 ’
207 1600 243 1667 έν
268 1598 310 1686 τῇ
338 1592 464 1686 ψάμμῳ
490 1595 702 1666 άπύλλυντο.

171 1719 188 1766 τ
281 1698 481 1784 Ξυνηνέχθη
515 1695 553 1766 δὲ
585 1699 626 1786 τῇ
654 1701 791 1786 στρατιᾷ
824 1697 882 1766 καὶ
909 1694 991 1767 άλλο
1018 1695 1171 1784 πάθημα,
1280 1718 1281 1794 χ

196 1795 226 1868 δ’
244 1799 286 1886 δὴ
311 1794 374 1882 υύχ
390 1796 507 1882 ἥκιστα
525 1799 659 1868 ἐπίεσεν
676 1795 803 1878 αύτούς
820 1824 856 1870 τε
873 1800 930 1868 καὶ
947 1795 1027 1878 τούς
1045 1802 1172 1878 ίππους
1187 1827 1213 1868 ιε

206 1900 264 1968 καὶ
289 1897 330 1966 τά
356 1894 530 1985 ὑποζύγια.
575 1897 669 1969 ύεται
685 1900 752 1990 γὰρ
769 1898 791 1988 ἡ
809 1903 1015 1987 Γαδρωσίων
1041 1903 1085 1986 γῆ
1107 1896 1170 1968 ὑπ’
1281 1962 1282 2002 η

207 1998 343 2088 άνέμων
360 2003 430 2066 τύν
449 2001 603 2088 ἐτησίων,
616 2000 772 2088 καθάπερ
792 1990 855 2070 οὖν
877 1998 1097 2086 καλὴἹνδῶν
1114 2003 1172 2087 γῆ,
1281 2009 1282 2022 ³

208 2099 249 2170 ού
272 2099 315 2169 τά
336 2103 436 2170 πεδία
453 2103 521 2170 τῶν
539 2108 759 2192 Γαδρωσίων,
785 2097 871 2170 άλλά
890 2100 931 2171 τά
952 2099 1025 2190 ὅρη,
1050 2105 1173 2190 ἵναπερ

208 2204 465 2293 προσφέρονταί
487 2228 523 2274 τε
549 2209 588 2274 αλ
611 2205 748 2290 νεφέλαι
775 2205 811 2272 ἐκ
828 2205 888 2272 τού
907 2201 1097 2291 πνεύματος
1114 2203 1173 2270 καὶ

207 2302 417 2392 ἀναχέονται,
437 2301 499 2391 ούχ
513 2302 786 2394 ὑπερβάλλουσαι
797 2309 866 2372 των
879 2301 970 2394 ὀρῶν
989 2302 1048 2384 τάς
1065 2330 1170 2392 κορυ-
1185 2332 1214 2372 ιο

173 2406 284 2495 σφάς.
313 2404 357 2486 ός
384 2404 422 2474 δέ
447 2403 595 2495 ηύλίσθη
612 2404 634 2494 ἡ
653 2404 790 2495 στρατιά
809 2403 893 2494 πρός
908 2404 1077 2498 χειμάρρῳ
1096 2403 1173 2474 ὀλί-

206 2535 270 2594 γου
294 2502 438 2592 ύδατος,
478 2505 585 2577 αὐτοῦ
620 2505 662 2594 δὴ
696 2509 795 2577 ἕνεκα
820 2508 881 2576 τοῦ
907 2503 1049 2592 ὕδατος,
1082 2503 1173 2595 άμφλ

207 2609 368 2697 δευτέραν
397 2607 554 2696 φυλακὴν
579 2611 639 2694 τῆς
655 2607 778 2688 νυκτός
796 2609 998 2698 ἐμπλησθεὶς
1016 2607 1085 2677 άπὸ
1103 2611 1175 2676 τῶν

207 2708 344 2799 ὄμβρων
361 2707 380 2777 ό
394 2707 593 2798 χειμάρρους
607 2706 625 2778 ὁ
638 2709 744 2799 ταύτη
759 2701 846 2798 β’έων
859 2709 1053 2798 άφανῶντῇ
1066 2729 1173 2797 στρα-

207 2815 260 2899 τιᾷ
286 2810 520 2898 γεγενημένων
547 2813 616 2880 τῶν
634 2808 783 2898 ὄμβρων,
807 2811 959 2902 τοσούτῳ
979 2813 1106 2898 ἐπῆλθε
1122 2813 1172 2902 τῷ
1187 2836 1217 2878 τε

207 2909 319 2998 ύδατι,
347 2909 393 2991 ύς
410 2909 534 2997 γύναια
551 2912 608 2980 καὶ
627 2911 785 2998 παιδάρια
805 2909 846 2980 τά
874 2909 982 2980 πολλά
1001 2916 1070 2980 τῶν
1091 2912 1175 2981 ἑπο-

208 3013 322 3101 μένων
347 3017 390 3100 τῇ
418 3015 555 3100 στρατιᾷ
582 3015 777 3098 διαφθεῖραι
801 3012 858 3080 καὶ
883 3011 945 3100 τὴν
962 3011 1175 3100 κατασκευὴν

207 3113 271 3200 τὴν
284 3111 459 3200 βασιλικὴν
472 3111 651 3199 ξύμπασαν
661 3110 826 3200 άφανίσαι
835 3113 891 3182 καὶ
900 3116 969 3182 τάν
978 3112 1175 3201 ύποζυγίων

207 3211 270 3284 ὅσα
295 3211 505 3299 άπελείπετο,
532 3211 659 3293 αύτούς
686 3213 725 3282 δέ
750 3214 843 3300 μόλις
864 3217 922 3284 καὶ
940 3220 1092 3303 χαλεπῶς
1109 3213 1176 3296 ξύν

175 3329 278 3395 στοῑς
312 3312 427 3395 ὅπλοις
461 3311 543 3384 ούδέ
574 3315 704 3396 τούτοις
736 3320 840 3384 πᾶσιν
866 3313 1095 3404 άποσωθῆναι.
1140 3322 1179 3386 οί
1190 3345 1220 3387 ιο

209 3415 327 3485 πολλοὶ
352 3413 390 3482 δὲ
414 3415 471 3483 καὶ
492 3422 661 3504 πίνοντες,
685 3414 786 3486 ὁπότε
807 3418 842 3486 ἐκ
863 3416 1035 3506 καύματός
1062 3419 1177 3488 τεκαὶ

209 3520 332 3597 δίψους
358 3511 460 3584 ύδατι
486 3513 605 3611 άθρόῳ
633 3518 832 3607 ἐπιτύχοιεν,
865 3518 950 3608 πρὸς
978 3517 1085 3590 αὐτού
1114 3521 1176 3590 τοῦ

1032 3802 1045 3909 ²1
