2678 3950
506 233 689 285 ΑΝΑΒΑΣΙΣ
707 236 739 299 ε,
756 237 780 286 τ.
1059 230 1123 297 253

163 391 343 476 διέφθειρε.
386 388 443 456 καί
470 387 573 469 αὑτός
600 389 645 470 σός
671 389 738 477 εἶχε
763 387 945 478 ξυνδιαβὰς
962 389 1045 458 κατὰ
1063 390 1157 459 τότε

163 487 271 558 αύτόν
291 487 397 576 πόρον
424 491 556 558 διώκων
573 500 679 577 εἰχετο
696 496 764 559 τοῖν
782 490 991 578 φθασάντων
1009 487 1044 571 ἒς
1061 490 1124 579 την

163 586 387 676 ἀποχώρησιν.
431 591 488 658 καὶ
514 589 661 670 πολλοὺς
686 590 749 678 μὲν
776 588 968 660 άπέκτεινεν
996 589 1123 677 αὑτῶν,

163 688 244 770 τούς
263 689 300 759 δί
314 691 371 758 καὶ
389 694 514 772 ζῶντας
533 696 664 779 ἔλαβεν,
682 696 717 759 οἰ
728 698 866 770 πλείους
880 691 918 759 δὲ
931 694 1124 779 κατέφυγον

137 797 200 870 εές
217 817 247 859 τι
264 797 388 879 χωρίον
407 788 532 881 ὀχυρόν
550 794 607 860 καί
626 793 877 879 τετειχισμένον.
906 790 1125 880 Ἀλέξανδρος

164 894 221 980 δέ,
253 890 297 972 ὑς
328 895 362 960 οἰ
391 892 481 974 πεζοὶ
511 889 674 980 άφίκοντο
704 889 815 984 αύτῷ,
849 891 1043 962 άποστέλλει
1069 893 1124 962 ἐπὶ

162 991 307 1072 τούτους
333 999 497 1062 Πείθωνα
522 993 585 1079 τη’ν
610 1019 646 1062 τε
671 992 781 1062 αὑτοῦ
806 993 899 1074 τάξιν
925 1000 1043 1080 ἔχοντα
1069 995 1125 1062 καὶ

163 1099 233 1161 των
252 1094 382 1161 ἱππέων
400 1093 464 1162 δύο
485 1097 676 1181 ἱππαρχίας.
702 1095 760 1162 καὶ
777 1085 871 1163 οὑτοι
888 1093 929 1181 δὴ
949 1093 983 1174 ἒξ
997 1093 1124 1182 ἐφόδου
1143 1110 1159 1158 3

165 1193 413 1282 προσβαλόντες
432 1194 642 1282 λαμβάνουσι
657 1195 695 1263 τό
714 1201 839 1282 χωρίον
851 1196 909 1262 καί
925 1193 1008 1274 τοὺς
1021 1221 1125 1264 κατα·

125 1315 151 1354 10
167 1293 378 1382 πεφευγότας
395 1291 431 1374 ἐς
449 1294 532 1364 αὑτό
551 1292 819 1384 ἠνδραπόδισαν,
837 1293 909 1364 ὅσοι
921 1294 1017 1382 γεμὴ
1034 1299 1070 1364 ἐν
1083 1303 1125 1386 τῇ

164 1401 338 1484 προσβολῇ
372 1395 639 1484 διεφθάρησαν.Ι
671 1401 778 1464 ταῦτα
810 1393 849 1463 δὲ
882 1399 917 1463 οἰ
947 1393 1034 1483 άμφί
1065 1396 1125 1466 τόν

165 1501 329 1566 Πείθωνα
362 1495 622 1584 διαπραξάμενοι
659 1495 853 1583 ἐπανῆλθον
885 1487 986 1576 αὖθις
1018 1495 1054 1578 ἐς
1086 1497 1124 1567 τό

165 1595 401 1686 στρατόπεδον.

240 1695 352 1776 Αύτδς
379 1696 417 1764 δὲ
440 1694 658 1786 Ἀλέξανδρος
685 1692 731 1778 άς
758 1697 812 1766 έπί
829 1701 899 1765 τῶν
913 1697 1161 1786 Βραχμάνωνε

7 1839 8 1844 1
126 1794 238 1867 εετινά
256 1796 355 1866 πόλιν
381 1790 475 1884 ἦγεν,
502 1797 555 1866 ὅτι
580 1799 637 1866 καί
661 1800 694 1878 ές
711 1798 837 1884 ταύτην
855 1798 1126 1886 ξυμπεφευγέναι

163 1897 256 1978 τινάς
279 1903 347 1966 τῶν
374 1903 528 1968 Μαλλῶν
556 1905 691 1985 ἔμαθεν.
737 1896 782 1979 ὥς
808 1897 846 1967 δί
872 1896 1012 1986 άφίκετο
1038 1896 1124 1990 πρός

164 1996 284 2087 αὑτήν,
313 2003 415 2086 έπῆγε
431 2002 478 2091 τῷ
496 2006 596 2087 τείχει
614 1999 784 2069 πάντοθεν
810 1999 944 2087 πυκνὴν
968 1997 1031 2087 τὴν
1056 1999 1123 2088 φά-

164 2109 283 2186 λαγγα.
327 2105 363 2169 οἰ
383 2099 421 2168 δέ
447 2093 709 2187 ὑπορυσσόμενα
733 2098 774 2168 τά
800 2106 892 2187 τείχη
920 2099 1050 2181 ἰδόντες
1067 2102 1125 2170 καί

165 2203 202 2269 ἐκ
233 2202 303 2269 τῶν
335 2206 447 2286 βελάν
481 2199 760 2289 ἀναστελλόμενοι
786 2201 827 2269 τά
861 2201 924 2288 μέν
949 2209 1041 2289 τείχη
1067 2204 1124 2272 καί

126 2321 152 2360 ²⁰
166 2291 257 2370 οὑτοι
282 2303 511 2389 ἐκλείπουσιν,
546 2306 579 2382 ές
605 2301 644 2370 δί
669 2301 732 2389 την
759 2299 865 2390 άκραν
891 2301 1125 2388 ξυμφυγόντες

166 2404 299 2472 έκεῑθεν
311 2399 496 2488 ἠμύνοντο·
516 2401 804 2482 ξυνεισπεσόντων
817 2400 855 2469 δέ
869 2400 985 2482 αὑτοῖς
999 2402 1126 2488 ὀλίγων

167 2500 379 2572 Μακεδόνων
404 2501 685 2590 μεταβαλλόμενοι
710 2503 767 2570 καί
784 2503 1028 2590 ξυστραφέντες
1045 2503 1126 2584 τοὺς

166 2601 230 2691 μὲν
250 2602 394 2681 ἐξέωσαν
411 2600 536 2688 αὑτων,
555 2600 752 2672 άπέκτειναν
766 2602 804 2671 δὲ
818 2605 854 2671 έν
867 2607 909 2691 τῇ
924 2601 1126 2692 ὑποστροφῇ

166 2706 203 2783 ἐς
228 2704 328 2771 πέντε
353 2705 409 2772 καὶ
438 2713 549 2772 εἰκοσι.
581 2703 638 2772 καί
656 2706 693 2774 έν
709 2703 819 2796 τούτφ
833 2697 1050 2792 Ἀλέξανδρος
1067 2706 1126 2786 τάς
1143 2734 1160 2784 5

126 2829 153 2871 τε
165 2829 202 2872 τε
220 2811 384 2891 κλίμακας
406 2802 535 2872 κελεύει
555 2804 726 2873 πάντοθεν
743 2806 960 2892 προστοθέναι
976 2811 1020 2894 τῇ
1038 2801 1126 2898 άιιρᾳ

165 2904 223 2974 καὶ
240 2903 444 2992 ὑπορύττειν
469 2902 508 2972 τό
527 2920 644 2991 τεῖχος.
688 2904 733 2986 ὥς
752 2905 790 2974 δὲ
807 2904 938 2994 πύργος
955 2933 992 2974 τε
1011 2912 1127 2977 ἔπεσεν

165 3003 442 3095 ὑπορυσσόμενος
460 3006 517 3074 καί
534 3011 595 3074 τού
612 3013 843 3096 μεταπυργίου
860 3031 891 3074 τι
910 3008 1127 3098 παραρραγὲν

167 3109 416 3197 ἐπιμαχωτέραν
449 3104 554 3197 ταὺτη
591 3109 725 3196 ἐποίησε
750 3107 811 3194 τὴν
837 3105 961 3196 άκραν,
995 3113 1126 3199 πρῶτος

163 3205 379 3299 Ἀλέξανδρος
422 3206 536 3295 ἐπιβάς
569 3211 630 3276 τοὺ
664 3215 796 3295 τείχους
832 3207 933 3298 ὤφθη
969 3216 1055 3297 ἔχων
1086 3209 1124 3278 τό

127 3338 152 3379 ει
166 3324 281 3397 τεῖχος.
331 3309 389 3377 καί
418 3314 538 3377 τοῦτον
572 3307 702 3388 ἰδόντες
734 3314 770 3377 οἰ
799 3306 895 3380 ἄλλοι
928 3309 1159 3390 Μακεδόνεςς

166 3409 408 3498 αἰσχυνθέντες
433 3407 533 3489 άλλος
556 3407 641 3498 άλλη
668 3404 828 3497 άνῄεσαν.
871 3409 977 3499 εἰχετό
992 3437 1037 3479 τε
1060 3407 1125 3499 ἤδη

164 3506 186 3597 ἡ
214 3508 314 3599 άκρα,
339 3511 396 3578 καί
422 3515 490 3578 τῶν
514 3504 631 3579 Ἰνδῶν
651 3514 688 3579 οἰ
701 3509 764 3599 μὲν
780 3509 840 3592 τάς
858 3517 966 3592 οἰκίας
986 3513 1125 3600 ένεπίμ-
