2678 3950
473 229 658 282 εαεεεεῖε
677 233 704 292 ε,
722 233 746 282 ε.
765 233 789 282 ε.
1045 228 1109 293 255

143 388 244 470 μίονς
270 384 492 473 τεταγμένους
518 391 662 474 κατεῖδε,
697 381 742 467 ύς
769 385 857 474 εἶχεν
883 383 997 476 ἕκτης
1024 385 1107 456 ὁδοῦ

145 480 302 572 ἐμβάλλει
328 481 362 566 ἐς
388 484 449 556 τδν
475 483 582 574 πόρον
609 486 672 568 ξύν
696 492 738 576 τῇ
758 493 850 580 ἵππῳ
868 487 966 578 μόνη.
1009 493 1043 557 οἵ
1058 489 1107 575 δέ,
1128 506 1145 558 6

148 585 277 668 ἰδόντες
298 584 335 654 ἐν
352 586 442 680 μέσῳ
459 593 522 656 τοῦ
536 594 687 677 ποταμοῦ
706 587 786 658 ὄντα
799 587 865 676 ἤδη
876 587 1107 677 Ἀλέξανδρον,

145 685 229 754 κατά
258 685 411 775 σπουδὴν
437 689 511 776 μέν,
538 689 796 777 ξυντεταγμένοι
813 689 851 758 δὲ
868 687 956 778 ὅμως
974 687 1107 778 άπεχά-

118 810 231 874 τρουν
248 785 314 856 άπὸ
333 793 391 876 τῆς
409 788 530 878 ὄχθης·
564 792 621 858 καὶ
636 787 854 879 Ἀλέξανδρος
878 789 941 872 ξῦν
959 789 1045 880 μόνη
1064 796 1107 880 τῇ

144 892 237 980 ἵππῳ
264 893 383 960 εἵπετο.
419 887 463 970 τός
490 889 528 958 δὲ
553 895 709 961 κατεῖδον
728 893 849 970 ίππέας
866 890 1004 979 μόνους,
1032 885 1106 960 ε’πι-

144 993 348 1073 στρέυαντες
382 993 417 1060 οί
437 985 537 1060 Ἰνδοὶ
569 999 739 1080 καρτερῶς
772 990 951 1080 ἐμάχοντο,
978 997 1106 1080 πλῆθος

143 1087 238 1172 ὄντες
266 1091 300 1172 ἐς
327 1092 428 1160 πέντε
452 1091 628 1180 μυριάδας.
671 1095 729 1162 καὶ
744 1088 962 1182 Ἀλεξανδρος
981 1091 1027 1174 ῦς
1044 1092 1106 1180 τήν

143 1216 180 1260 τε
211 1191 372 1279 φάλαγγα
404 1186 520 1262 αύτῦν
554 1189 688 1280 πυκνὴν
713 1198 845 1278 κατεῖδε
871 1193 927 1262 καί
955 1189 1048 1286 αύτῷ
1074 1197 1109 1264 ολ

104 1314 130 1356 ιο
143 1293 233 1375 πεζοὶ
251 1290 397 1381 ἀπῆσαν,
416 1294 606 1383 προσβολάς
624 1293 686 1382 μὲν
705 1291 890 1364 ἐποιεῖτο
908 1290 943 1375 ἐς
960 1295 1106 1375 κύκλους

144 1395 381 1481 παριππεύων·
418 1388 453 1474 ἐς
471 1410 584 1482 χεῖρας
603 1395 642 1464 δὲ
660 1393 723 1464 ούκ
740 1393 794 1485 ᾔει
810 1409 881 1475 τοῖς
896 1393 1023 1475 Ἰνδοῖς.
1050 1396 1106 1464 καί
1129 1412 1144 1461 7

145 1491 184 1562 έν
210 1493 320 1587 τούτῳ
347 1501 589 1584 παραγίνονται
615 1495 708 1587 αύτῷ
736 1501 772 1568 οἵ
794 1523 830 1564 τε
852 1493 1024 1586 Ἀγριάνες
1049 1498 1106 1566 καί

145 1591 242 1662 ἄλλαι
268 1594 374 1676 τάξεις
398 1598 468 1664 τοῖν
494 1602 616 1684 φιλοῦν,
644 1593 683 1676 ἃς
711 1596 752 1684 δὴ
781 1593 971 1677 ἐπιλέκτους
990 1594 1056 1684 ἅμα
1074 1591 1111 1666 οἵ

144 1687 216 1783 ἦγε,
243 1698 300 1766 καὶ
327 1701 363 1765 οἵ
377 1695 521 1778 τοξόται·
561 1693 603 1766 ού
631 1696 745 1785 πόρρω
772 1697 810 1766 δὲ
835 1695 918 1766 οῦδὲ
935 1695 956 1784 ἡ
974 1697 1105 1784 φάλαγξ

108 1816 133 1858 1⁵
146 1792 303 1884 ἐφαίνετο
335 1803 404 1866 τόν
436 1803 552 1880 πεζῶν.
606 1799 662 1866 καί
698 1803 733 1866 οἵ
759 1795 859 1868 Ἰνδοί
892 1797 978 1886 ὁμοῦ
1012 1818 1107 1885 σφισι

145 1897 282 1967 πάντων
307 1903 376 1967 νῦν
407 1902 527 1968 δεινοῖν
553 1899 801 1990 προσκειμένων
836 1897 1106 1988 ἀποστρέψαντες

143 1996 208 2086 ἤδη
226 1997 463 2089 προτροπάδην
480 1998 628 2087 ἔφευγον
646 1999 681 2080 ἒς
694 2000 795 2070 πόλιν
807 1994 1023 2090 ὀχυρωτάτην
1036 2005 1106 2069 ταῖν

144 2108 296 2187 πλησίον.
315 2099 595 2190 καῖἉλέξανδρος
611 2101 771 2189 ἑπόμενός
785 2129 820 2170 τε
830 2100 947 2182 αύτοῖς
958 2100 1106 2182 πολλούς
1123 2119 1141 2172 8

147 2207 269 2272 ἔκτεινε
295 2202 353 2271 καὶ
380 2199 425 2283 ὥς
452 2199 486 2284 ἐς
503 2203 566 2291 τὴν
584 2203 684 2272 πόλιν
702 2207 737 2272 οί
753 2201 976 2289 διαφυγόντες
994 2229 1107 2272 κατει-

108 2319 132 2362 20
145 2301 308 2390 λήθησαν,
335 2309 449 2391 πρῦτα
476 2303 539 2391 μὲν
556 2320 627 2384 τοῖς
646 2307 804 2372 ίππεῦσιν
823 2302 857 2380 ἐξ
877 2298 1003 2389 ε’φόδου
1027 2303 1107 2372 ἔκυ-

145 2401 296 2474 κλοόσατο
313 2402 375 2491 τὴν
393 2402 507 2473 πόλιν·
548 2402 593 2484 ὥς
612 2404 650 2474 δὲ
667 2408 703 2472 οί
718 2405 807 2485 πεζοὶ
826 2401 919 2494 αῦτρῦ
939 2409 1106 2490 παρῆσαν,

145 2503 252 2593 ταύτη
279 2503 341 2592 μὲν
367 2510 410 2594 τῇ
435 2502 542 2594 ἡμέρῳ
569 2503 902 2594 περιστρατοπεδεύει
928 2499 967 2572 ἓν
992 2503 1106 2596 κύκλῳ

146 2609 207 2674 τοῦ
225 2611 366 2693 τείχους,
394 2602 443 2674 ὅτι
460 2602 501 2674 ού
521 2603 611 2674 πολύ
628 2632 663 2674 τε
686 2610 746 2692 τῆς
763 2601 888 2694 ἡμέρας
905 2598 1106 2674 ύπελείπετο

148 2704 182 2785 ἐς
201 2701 262 2792 τὴν
276 2706 466 2794 προσβολὴν
479 2705 569 2793 καλή
585 2701 719 2792 στρατιά
733 2703 825 2797 αύτῷ
838 2702 908 2774 ῦπό
920 2733 956 2774 τε
969 2712 1106 2794 πορείας

110 2829 134 2870 ιε
147 2811 276 2896 μακράς
294 2811 329 2877 οί
344 2807 432 2891 πεζοὶ
450 2807 507 2878 καί
524 2804 593 2878 ύπδ
614 2806 756 2889 διώξεως
776 2811 939 2894 συνεχοῦς
958 2811 993 2876 οί
1008 2811 1106 2878 ἵπποι

147 2908 204 2976 καὶ
229 2903 292 2995 οόχ
317 2905 432 2996 ἥκιστα
458 2907 542 2978 κατά
568 2907 628 2978 τόν
651 2905 757 2998 πόρον
783 2912 846 2977 τοῦ
872 2912 1024 2996 ποταμοῦ
1049 2934 1105 2978 τε·

147 3008 450 3097 ταλαιπωρήκεσαν.

223 3114 267 3198 τῇ
294 3109 332 3178 δὲ
357 3108 518 3201 ύστεραίᾳ
545 3114 620 3198 διχῆ
646 3111 768 3180 διελαδν
793 3108 854 3180 τόν
879 3107 1023 3200 στρατόν
1046 3113 1146 3184 τοῦ9

147 3208 209 3298 μέν
237 3211 351 3299 ἑτέρου
377 3209 481 3292 αύτός
504 3208 688 3300 ἡγούμενος
706 3213 914 3300 προσέβαλλε
931 3213 978 3302 τῷ
995 3217 1107 3298 τείχει,

112 3310 186 3386 εοτό
221 3310 259 3381 δὲ
286 3315 398 3401 ἕτερον
424 3317 615 3398 Περδίκκας
642 3317 797 3402 προσῆγε.
843 3313 899 3380 καλ
928 3309 966 3381 έν
997 3309 1107 3402 τούτῳ

148 3409 190 3482 ου’
219 3413 389 3503 δεξάμενοι
414 3417 449 3482 ολ
469 3410 570 3482 Ἰνδοὶ
596 3417 666 3480 τοῖν
683 3411 895 3482 Μακεδόνων
920 3411 983 3500 τὴν
1000 3411 1109 3500 ὁρμὴν

148 3513 189 3582 τά
215 3514 278 3604 μὲν
310 3520 400 3605 τείχη
432 3516 492 3602 τῆς
518 3513 646 3594 πόλεως
672 3521 859 3603 λείπουσιν,
885 3512 984 3585 αύτολ
1011 3511 1049 3582 δὲ
1074 3509 1110 3594 ἐς
