2664 3946
479 263 663 316 ΑΝᾹΒΔΣΙΣ
679 267 705 328 2,
723 266 765 322 λλ.
1059 259 1101 326 9Ὶ

143 405 306 494 χώματος.
355 400 427 473 ἀλλ’
457 404 665 497 Ἀλεξάνδρῳ
697 404 849 493 αἱρετέον
882 403 989 476 ἐδόκει
1016 400 1136 480 εἷναιε

145 506 214 600 ὅσῳ
232 506 462 597 ἀπορώτερον·
491 505 663 593 ἐκπλήξειν
680 507 746 593 γάρ
763 507 845 586 τοδς
863 512 1045 593 πολεμίους
1062 504 1121 580 τὸ,

146 617 247 697 ἔργον
276 613 323 700 τῳ
355 607 537 700 παραλόγῳ
571 609 627 676 ε’πί
655 607 760 695 μέγα,
788 609 846 676 καὶ
877 608 916 676 τό
943 608 988 696 μὴ
1015 608 1102 676 ἑλεῖν

145 709 287 797 αίσχρδν
305 708 397 780 εἷναί
411 713 448 777 οί
461 708 643 796 λεγόμενον
663 715 697 789 ἔς
713 736 749 778 τε
766 706 1028 798 τοῦςἝλληνας
1045 707 1102 776 καί

119 840 133 881 ι
148 815 181 891 ἐς
199 824 358 897 Δαρεῖον.
398 809 505 880 ἐδόκει
522 810 564 895 δὴ
582 813 679 898 χῶμα
697 814 735 881 έν
752 810 867 902 κόκλῳ
891 813 951 897 τῆς
974 808 1103 888 πόλεως

145 913 330 999 χωννύναι,
348 908 394 992 ώς
410 911 442 992 ἐξ
457 922 533 981 ίσου
548 910 615 979 ἀπὸ
633 913 694 980 τοῦ
712 911 902 998 χωσθέντος
917 910 1104 998 ἐπάγεσθαι

144 1013 205 1092 τάς
228 1012 378 1102 μηχανὰς
401 1027 472 1092 τοῖς
495 1019 625 1098 τείχεσι.
670 1015 728 1082 καὶ
760 1011 930 1099 ίχώννυτο
953 1011 1037 1081 κατά
1064 1011 1103 1079 τό

145 1115 259 1183 νότιον
277 1115 419 1201 μάλιστα
436 1119 494 1200 τῆς
512 1113 641 1192 πόλεως
657 1128 778 1200 τεῖχος,
797 1118 854 1182 λ’να
873 1113 1103 1202 ἐπιμαχώτερα

148 1219 312 1304 ἐφαίνετο.
345 1213 392 1294 ώς
405 1214 444 1284 δέ
458 1214 565 1284 ἐδόκει
578 1215 716 1303 ἐξῆρθαι
729 1215 925 1305 συμμέτροις
938 1214 977 1284 τὸ
995 1218 1102 1302 χῶμα,
1119 1238 1137 1290 4

107 1346 133 1386 ιο
146 1316 296 1405 μηχανὰς
315 1315 549 1403 ἐπιστήσαντες
567 1321 603 1385 οί
617 1315 815 1396 Μακεδόνες
839 1319 963 1403 ἐπῆγον
981 1314 1028 1394 ώς
1047 1316 1103 1383 ἐπὶ

145 1418 183 1486 τδ
202 1433 310 1505 τεῖχος
332 1420 401 1485 τών
419 1425 579 1499 Γαζαίων.
613 1418 672 1486 καί
691 1417 855 1509 ἐντούτῳ
873 1416 1102 1487 θόοντιἉλε·
1187 1455 1189 1458 -

146 1519 279 1611 ξάνδρῳ
296 1519 354 1587 καί
374 1517 636 1610 ἐστεφανωμένῳ
652 1545 688 1588 τε
704 1519 763 1588 καὶ
778 1517 1004 1607 κατάρχεσθαι
1021 1516 1104 1607 μέλ-

147 1629 241 1690 λοντι
252 1623 313 1689 τοῦ
328 1618 464 1707 πρώτον
480 1625 603 1709 ἱερείου
616 1619 701 1688 κατά
714 1619 821 1709 νόμον
833 1623 903 1689 τῶν
915 1646 964 1700 τις
978 1639 1103 1708 σαρκο-

147 1721 268 1808 φάγων
295 1719 448 1810 ὀρνίθων
473 1721 744 1809 ὑπερπετόμενος
770 1726 831 1791 τοῦ
858 1724 976 1810 βωμοῦ
1002 1728 1104 1790 λίθον

107 1850 134 1891 τι
149 1822 304 1912 ἐμβάλλει
329 1824 363 1902 ές
380 1821 443 1908 τὴν
460 1823 612 1910 κεφαλὴν
630 1821 747 1892 όντινα
762 1839 838 1893 τοῖν
856 1828 977 1892 ποδοῖν
996 1827 1103 1911 ἔφερε.

147 1926 205 1993 καί
221 1923 436 2013 Ἀλέξανδρος
452 1921 550 2012 ἤρετο
563 1923 805 2014 Ἀρίστανδρον
820 1925 882 1993 τδν
899 1923 1020 2012 μάντιν
1038 1919 1057 1992 ὅ
1072 1948 1105 1991 τι

147 2040 225 2094 νοοῖ
245 2024 264 2093 ό
289 2023 419 2104 οίωνός.
465 2023 483 2092 ό
510 2023 548 2094 δέ
570 2023 786 2114 ἀποκρίνεται
808 2023 876 2113 ὅτι,
900 2015 927 2093 ὦ
951 2027 1104 2112 βασιλεῦ,

146 2128 209 2214 τὴν
225 2126 288 2213 μέν
305 2125 404 2196 πόλιν
417 2125 577 2215 αίρήσεις,
594 2125 688 2218 αὐτῷ
706 2127 745 2196 δέ
758 2146 811 2196 σοι
824 2125 998 2215 φυλακτέα
1012 2125 1104 2194 ἐστὶν

149 2229 206 2296 ἐπὶ
222 2232 303 2316 τῇδε
319 2231 361 2316 τῇ
383 2225 499 2318 ἡμέρῳ.

107 2354 135 2396 ιο
230 2332 343 2398 Ταῦτα
356 2327 506 2407 ἀκούσας
520 2327 737 2415 Ἀλέξανδρος
750 2328 833 2408 τέως
846 2327 909 2415 μὲν
927 2327 1012 2416 πρός
1028 2340 1102 2405 ταῖς
1112 2341 1151 2410 27

147 2445 312 2517 μηχαναῖς
338 2429 399 2510 ἔξω
422 2431 545 2518 βέλους
568 2429 676 2499 αάτδν
699 2429 803 2516 εἶχεν·
831 2427 878 2509 ώς
901 2426 940 2498 δὲ
958 2427 1104 2516 ἐκδρομή

147 2556 184 2600 τε
202 2533 238 2600 ἐκ
255 2534 314 2617 τῆς
331 2530 460 2610 πόλεως
477 2531 621 2620 καρτερά
641 2535 792 2618 ἐγίγνετο
808 2531 867 2599 καί
885 2533 954 2618 πῦρ
971 2555 1007 2597 τε
1025 2527 1104 2597 έπέ-

148 2657 254 2718 φερον
267 2647 341 2712 ταῖς
354 2648 519 2720 μηχαναῖς
533 2631 716 2721 οῖ”Αραβες
734 2632 791 2700 καὶ
805 2631 886 2710 τοδς
900 2628 1104 2710 Μακεδόνας

148 2731 385 2820 ἀμυνομένους
397 2732 551 2802 κάτωθεν
568 2732 667 2802 αὐτοὶ
686 2734 719 2814 ἐξ
736 2730 937 2820 δπερδεξίου
954 2735 1016 2800 τοῦ
1035 2755 1104 2818 χω-

108 2859 134 2901 ιι
148 2841 227 2922 ρίου
246 2833 389 2922 ἔβαλλόν
401 2860 437 2903 τε
449 2836 508 2903 καλ
521 2832 638 2904 ἀθουν
650 2834 735 2902 κατά
752 2836 813 2902 τοῦ
832 2835 970 2921 ποιητοῦ
988 2831 1105 2920 χώμα-

146 2961 217 3022 τος,
235 2937 386 3004 ἐνταῦθα
402 2931 424 3021 ἣ
443 2935 530 3004 ἑκών
543 2935 678 3005 ἀπειθεῖ
690 2934 907 3023 Ἀλέξανδρος
923 2937 971 3025 τῷ
988 2933 1106 3022 μάντει

145 3031 167 3122 ἢ
186 3037 363 3121 ἐκπλαγείς
383 3039 420 3105 έν
436 3039 484 3127 τῷ
504 3042 591 3128 ἔργῳ
608 3035 673 3105 οῦκ
698 3034 924 3125 ἐμνημόνευσε
940 3037 999 3120 τῆς
1016 3061 1104 3122 μαν-

146 3144 255 3224 τείας,
280 3135 350 3205 ἀλλ’
370 3135 552 3226 ἀναλαβών
573 3136 655 3216 τοῦς
671 3134 885 3216 ῦπασπιστδις
903 3135 1105 3225 παρεβοήθει

148 3242 206 3306 ἵνα
227 3236 371 3327 μάλιστα
395 3239 558 3321 ἐπιέζοντο
583 3243 619 3307 σί
634 3236 841 3318 Μακεδόνες.
876 3238 934 3306 καὶ
958 3236 1138 3321 τοότουςς

108 3361 135 3403 ιο
147 3336 209 3425 μὲν
234 3345 309 3426 ἔσχε
331 3341 393 3408 τοῦ
417 3339 463 3427 μὴ
486 3338 550 3408 οῦκ
573 3342 696 3428 αίσχρᾷ
723 3341 818 3427 φυγῇ
843 3335 995 3425 ω’σθῆναι
1017 3339 1102 3407 κατὰ

147 3441 208 3508 τοῦ
226 3440 397 3528 χώματος·
415 3439 519 3520 αάτδς
537 3438 575 3510 δὲ
592 3441 748 3527 βάλλεται
764 3438 953 3526 καταπέλτῃ
972 3437 1027 3508 διδ
1043 3441 1103 3524 τῆς

147 3537 291 3621 ἀσπίδος
304 3540 449 3629 διαμπὰξ
466 3543 524 3610 καί
540 3547 602 3610 τοῦ
616 3541 772 3630 θώρακος
791 3543 824 3620 ἐς
842 3541 902 3609 τὸν
920 3530 1021 3627 ἀμον.
1056 3537 1103 3619 ώς

198 3657 327 3702 Anum
933 3652 949 3704 Ἰ
