2678 3950
468 237 654 290 ΔΝΔΒΑΣΙΣ
672 241 702 302 6,
721 243 745 289 4.
763 240 787 290 ό.
1047 236 1110 302 249

145 391 255 486 ἡμέρᾳ
283 395 338 465 έπὶ
363 395 427 482 τὴν
453 394 625 485 ξυμβολὴν
651 399 712 466 τοῦ
737 423 773 468 τε
787 393 955 468 Ὑδάσπου
973 397 1031 467 καὶ
1047 401 1110 466 τοῦ

143 491 328 567 Ἀκεσίνου.
373 500 430 566 ἵνα
457 496 495 566 δὲ
521 495 769 585 ξυμβάλλουσιν
796 504 831 567 οί
846 499 988 589 ποταμοὶ
1005 490 1110 585 οῦτοι,

149 597 354 677 στενότατος
381 593 430 678 εἷς
456 598 605 686 ποταμός
623 601 660 666 έκ
677 613 751 667 τοῖν
769 604 870 668 δνοίν
887 600 1111 688 γίγνεταικαὶ

147 697 186 767 τδ
201 701 310 787 ῥεῦμα
323 695 419 789 αύτῷ
434 695 493 779 ὀξύ
511 701 566 767 ε’πὶ
579 703 621 787 τῇ
636 700 806 787 στενότητι
819 701 875 768 καὶ
890 706 983 770 δῖναι
995 699 1111 769 άτοποι

118 825 133 868 ε
147 796 421 888 ύποστρέφοντος
437 805 501 868 τοῦ
519 802 595 888 ῥοῦ,
612 802 670 868 καὶ
688 800 726 869 τό
744 799 841 892 ῦδωρ
858 808 1061 890 κυμαίνεταί
1075 827 1110 870 τε

147 901 205 970 καί
235 900 386 989 καχλάζει
413 900 468 970 ἐπὶ
493 901 590 988 μέγα,
618 899 664 981 ὦς
698 903 756 970 καὶ
782 901 899 990 πόρρω
925 909 974 972 ἔτι
1000 901 1110 972 όντων

149 1001 367 1084 ἐξακούεσθαι
384 1001 443 1070 τόν
460 1002 590 1070 κτύπον
615 1005 676 1070 τοῦ
703 1001 861 1089 κύματος.
902 1005 959 1073 καλ
988 996 1033 1090 ἦν
1048 1003 1145 1092 μὲυσ

147 1103 438 1194 προεξηγγελμένα
454 1109 561 1172 ταῦτα
576 1100 783 1196 Ἀλεξάνδρῳ
798 1105 834 1172 ἐκ
851 1106 920 1174 τόν
939 1108 1110 1195 ἐγχωρίων

147 1204 204 1274 καὶ
232 1205 272 1285 ἐξ
295 1203 519 1293 Ἀλεξάνδρου
550 1209 592 1294 τῇ
620 1208 768 1296 στρατιᾷ·
813 1203 903 1293 ὅμως
930 1206 969 1275 δέ
995 1206 1110 1292 ἐπειδὴ

108 1335 134 1376 ιο
149 1305 303 1389 ἐπέλαζεν
322 1305 416 1396 αύτῷ
429 1320 503 1387 ταῖς
520 1307 703 1393 ξυμβολαῖς
718 1302 736 1374 ὁ
752 1306 904 1397 στρατός,
925 1310 959 1388 ές
971 1307 1112 1376 τοσόνδε

148 1405 167 1476 ὁ
195 1405 262 1476 άπό
290 1411 351 1476 τοῦ
378 1409 441 1496 ῥοῦ
468 1407 595 1487 κτύπος
620 1421 786 1495 κατεῖχεν,
813 1406 899 1478 ὥστε
926 1408 1112 1494 ἐπέστησαν

148 1505 209 1588 τάς
227 1513 373 1599 εἰρεσίας
391 1513 427 1578 ολ
436 1513 568 1594 ναῦται,
587 1506 651 1578 ούιι
666 1511 703 1577 έκ
716 1509 1006 1596 παραγγέλματος,
1025 1507 1110 1577 ἄλλά

148 1612 218 1678 τόν
243 1635 279 1678 τε
304 1615 495 1680 κελευστῶν
521 1607 590 1679 ῦπό
621 1607 796 1696 θαύματος
831 1609 1111 1698 ἐκσιωπησάντων

149 1710 206 1779 καλ
240 1708 339 1779 αὐτοὶ
371 1711 530 1799 μετέωροι
560 1709 643 1798 πρὸς
673 1710 734 1778 τόν
765 1709 895 1779 κτύπον
927 1709 1110 1796 γευόμενοι.

9 1891 10 1898 χ
111 1837 137 1878 ιε
224 1809 280 1892 Ὡς
298 1810 336 1882 δὲ
354 1810 396 1881 ού
415 1811 532 1901 πόρρω
549 1816 619 1880 τῶν
637 1814 817 1899 ξυμβολῶν
834 1804 933 1900 ἦσαν,
961 1806 1149 1882 ένταῦθαὸ

151 1909 193 2000 δὴ
227 1917 264 1980 οἱ
294 1915 495 2002 κυβερνῆται
527 1913 819 1998 παραγγέλλουσιν
854 1907 902 1994 οἷς
938 1913 1110 2003 βιαιοτάτῃ

150 2019 280 2104 είρεσίμ
297 2014 492 2102 χρωμένους
520 2013 709 2094 ἐξελαύνειν
743 2017 866 2084 ἐκτῶν
885 2018 1025 2102 στενόν,
1050 2019 1111 2082 τοῦ

151 2114 197 2202 μὴ
225 2114 451 2203 ἐμπιπτούσας
476 2114 539 2194 τάς
563 2119 651 2194 ναῦς
679 2117 712 2195 ἐς
738 2114 798 2194 τάς
824 2120 922 2195 δίνας
948 2114 1112 2201 άναστρέ·

151 2226 276 2304 φεσθαι
292 2216 378 2304 πρὸς
405 2215 530 2302 αὐτῶν,
557 2214 642 2285 άλλδι
669 2231 805 2306 κρατεῖν
830 2215 896 2303 γάρ
922 2222 966 2305 τῇ
985 2222 1113 2306 είρεσίμ

114 2323 219 2386 ιοτεῦυ
236 2312 450 2408 ἐπιστροφῶν
466 2320 527 2385 τοῦ
544 2315 679 2396 ὕδατος.
711 2317 752 2386 τά
770 2315 833 2404 μὲν
850 2317 893 2404 δὴ
921 2316 1113 2407 στρογγύλα
1130 2331 1146 2378 2

152 2427 253 2488 πλοῖα
279 2417 343 2488 ὅσα
367 2420 426 2487 καὶ
453 2423 571 2505 ἔτυχεν
597 2416 712 2487 αότοῦν
738 2417 1004 2505 περιστραφέντα
1028 2415 1113 2504 πρός

152 2522 212 2589 τοῦ
241 2522 320 2607 ῥοῦ,
346 2513 451 2588 ου’δίν
477 2545 508 2587 τι
533 2518 688 2588 παθόντα
715 2521 753 2586 ἐν
778 2521 821 2607 τῇ
842 2521 1037 2608 ἐπιστροφῇ,
1065 2515 1114 2588 ότι

152 2620 196 2708 μὴ
214 2619 468 2708 συνταράξαντα
481 2619 562 2698 τοῦς
577 2620 791 2708 ἐμπλέοντας,
809 2620 949 2708 κατέστη
964 2623 997 2700 ές
1011 2616 1113 2709 εύθύ,

153 2721 236 2810 πρός
256 2720 363 2790 αὐτοῦ
381 2723 444 2790 τοῦ
463 2722 526 2809 ῥοῦ
545 2717 760 2809 ὀρθωθέντα·
788 2725 827 2790 αλ
841 2721 880 2790 δὲ
897 2722 1022 2809 μκκραλ
1035 2725 1113 2807 νῆες

118 2821 216 2909 νεούχ
244 2820 405 2902 ιδοαύτως
432 2815 577 2902 άπαθείς
603 2820 761 2908 ἀπῆλθον
788 2824 826 2891 ἐν
842 2827 886 2911 τῇ
913 2825 1113 2911 ἐπιστροφῇ,

153 2923 233 2994 οῦτε
245 2923 403 3012 μετέωροι
417 2923 471 2992 ἐπὶ
483 2929 546 2992 τοῦ
560 2923 778 3009 καχλάζοντος
792 2923 941 3012 κύματος
951 2921 1114 3004 όσαύτως

154 3016 272 3112 ούσαι,
308 3021 383 3094 ὅσαι
414 3051 450 3094 τε
481 3029 630 3114 δίκροτοι
655 3021 771 3094 αύτῦν
796 3025 856 3105 τάς
881 3025 973 3094 κάτω
998 3025 1113 3104 κόπος

154 3125 217 3195 οόκ
236 3126 292 3195 ἐπὶ
305 3123 392 3196 πολύ
413 3125 476 3206 ἔξω
494 3131 629 3212 ἔχουσαι
641 3131 703 3195 τοῦ
717 3123 856 3206 ὕδατος·
883 3127 940 3196 καὶ
953 3130 992 3196 αλ
1002 3130 1112 3194 κῶπαι
1130 3141 1146 3190 ³

155 3227 195 3314 δὴ
209 3226 338 3314 αὐτοῖς,
356 3234 512 3313 πλαγίοις
528 3229 565 3296 ἐν
578 3241 651 3306 ταῖς
666 3231 775 3307 δίναις
788 3229 992 3316 γενομένοις,
1011 3246 1112 3296 συνε-

120 3355 144 3398 ιο
155 3335 320 3417 τρίβοντο,
346 3325 436 3396 ὅσων
453 3354 492 3414 γε
509 3328 808 3416 ἐγκατελήφθησαν
825 3328 894 3399 ύπδ
911 3332 971 3398 τοῦ
989 3325 1113 3406 ὕδατος

156 3427 196 3496 ού
224 3428 432 3516 φθασάντων
458 3426 563 3510 αύτάς
589 3435 798 3518 μετεωρίσαι,
826 3429 871 3509 ιλς
898 3426 1023 3506 πολλάς
1049 3426 1112 3514 μέν

155 3535 298 3619 πονῆσαι
330 3534 399 3598 τόν
430 3534 530 3616 νεῶν,
558 3530 621 3600 δύο
648 3529 686 3600 δὲ
713 3532 755 3617 δὴ
781 3528 1023 3620 περιπεσούσας
1050 3522 1112 3598 άλ-
