2664 3946
511 272 695 324 ιυεεεειε
712 277 736 337 ε,
755 276 779 332 ι.
1075 273 1120 340 99

163 425 277 495 χοντο·
304 409 361 478 καί
386 408 561 481 ἀπέθανον
587 413 709 494 πάντες
734 411 841 485 αύτοῦ
866 414 1047 504 μαχόμενοι
1072 413 1119 496 τός

164 511 295 579 ἕκαστοι
313 509 520 601 ἐτάχθησαν·
547 519 670 594 παῖδας
692 514 730 584 δέ
752 517 810 584 καὶ
832 532 997 603 γυναῖκας
1022 517 1119 605 έξην-

165 610 366 699 δραπόὸισεν
382 612 498 683 αύτύν
508 612 735 706 Ἀλέξανδρος.
759 617 822 704 τήν
836 616 935 688 πόλιν
948 618 986 688 δέ
1004 619 1118 701 ξυνοι-

164 719 260 792 κίσας
280 716 403 783 ἐκτῶν
421 725 601 805 περιοίκων
621 721 738 807 ἐχρῆτο
753 715 815 788 ὅσα
831 727 988 814 φρουρίφ
1006 723 1041 802 ές
1057 719 1118 790 τόν

137 811 319 902 τπόλεμον.

569 998 739 1008 ——-—-

495 1179 792 1270 APPIANOY

300 1369 615 1447 ΑΝΑΒΑΣΕΩΣ
640 1365 992 1452 ΑΛΕΞΑΝΔΡΟΤ

484 1539 637 1591 Rumon
654 1538 799 1592 υΡιυοει.

239 1709 457 1801 Ἀλέξανδρος
471 1713 508 1783 δὲ
523 1711 570 1783 ἐπ’
590 1711 784 1800 Αἰγύπτου,
802 1715 922 1801 ἵναπερ
934 1711 973 1780 τὸ
987 1712 1148 1800 πρύτονι

129 1843 154 1885 ιι
168 1812 321 1904 ύρμήθη,
336 1816 519 1902 ἐστέλλετο,
532 1815 589 1884 καί
605 1812 730 1904 ἑβδόμη
744 1813 853 1903 ήμέρᾳ
866 1811 933 1882 άπὸ
945 1815 1004 1900 τῆς
1018 1812 1122 1902 Γάζης

167 1916 320 1986 ἐλαύνων
342 1906 423 2002 ήκεν
447 1918 482 1996 ές
506 1914 699 2006 Πηλούσιον
722 1917 780 2001 τῆς
807 1914 997 2001 Αἰγύπτου.
1042 1911 1060 1982 ὁ
1084 1912 1122 1983 σε

165 2017 324 2097 ναυτικὸς
341 2017 482 2106 στρατὸς
496 2018 657 2106 παρέπλει
669 2013 762 2107 αύτῷ
782 2019 820 2085 έκ
834 2021 994 2103 Φοινίκης
1012 2011 1058 2095 άς
1072 2011 1120 2084 ἰιί

166 2128 361 2207 Αἴγυπτον·
380 2120 438 2188 καί
451 2117 699 2207 καταλαμβάνει
711 2117 771 2196 τάς
783 2121 871 2197 ναῦς
886 2119 923 2186 έν
938 2123 1122 2208 Πηλουσίῳ

116 2255 121 2269 ·
165 2218 349 2308 ὁρμούσας.
389 2219 550 2309 Μαζάκης
568 2219 605 2290 δὲ
629 2215 647 2288 ὁ
667 2220 819 2308 Πέρσης,
837 2214 874 2298 ὃς
890 2209 933 2306 ήν
951 2217 1121 2306 σατράπης
1138 2232 1155 2282 2

127 2349 154 2391 ιο
167 2321 349 2408 Αἰγύπτου
368 2324 405 2392 ἐκ
420 2329 570 2410 Δαρείου
588 2319 820 2408 καθεστηκός,
841 2318 905 2406 τήν
921 2345 956 2388 τε
975 2322 1012 2388 έν
1025 2318 1121 2407 Ἰσσῷ

166 2421 275 2510 μάχην
300 2419 391 2502 ὅπως
422 2423 548 2512 συνέβη
572 2423 785 2510 πεπυσμένος
813 2422 871 2489 καί
899 2431 1048 2508 Δαρεῖον
1072 2415 1123 2487 ὅτι

166 2525 290 2613 αἰσχρᾷ
305 2525 399 2612 φυγή
417 2530 534 2611 ἔφυγε,
548 2524 606 2592 καὶ
622 2530 783 2610 Φοινίκην
795 2548 831 2590 τε
843 2523 902 2590 καί
916 2528 1052 2609 Συρίαν
1064 2522 1122 2589 καί

166 2628 226 2710 τής
250 2623 408 2713 Ἀραβίας
431 2624 473 2692 τά
499 2624 606 2692 πολλά
629 2622 699 2692 ύπό
721 2620 942 2711 Ἀλεξάνδρου
969 2620 1122 2711 ἐχόμενα,

166 2723 260 2817 αύτῷ
278 2752 314 2794 τε
327 2721 390 2795 ούκ
404 2722 506 2813 ούσης
521 2723 696 2813 δυνάμεως
710 2728 888 2812 Περσικῆς,
907 2725 1035 2812 ἐδέχετο
1048 2739 1122 2804 ταῖς

128 2854 154 2894 ιε
168 2825 285 2896 πόλεσι
307 2833 427 2914 φιλίως
445 2828 503 2894 καὶ
520 2829 561 2914 πή
584 2826 678 2916 χάρᾳ
698 2823 927 2915 Ἀλέξανδρον
968 2825 987 2894 ὁ
1012 2824 1051 2896 δὲ
1073 2831 1121 2904 εἰς

166 2927 229 3014 μὲν
247 2926 440 3014 Πηλούσιον
458 2927 615 3016 φυλακήν
632 2926 806 3016 εἰσήγαγε,
823 2925 904 3007 τούς
921 2924 960 2996 δέ
978 2928 1034 2996 ἐπὶ
1051 2928 1155 2994 τῶνε

165 3032 255 3098 νεῶν
272 3027 438 3098 άναπλεῐν
455 3027 539 3098 κατά
557 3029 617 3096 τὸν
635 3027 786 3116 ποταμὸν
803 3027 965 3108 κελεύσας
979 3033 1051 3097 ἕστε
1065 3027 1122 3096 έπί

166 3131 309 3217 Μέμφιν
323 3129 422 3198 πόλιν
435 3127 539 3210 αύτός
559 3128 608 3216 ἐφ’
625 3127 870 3209 Ἡλιουπόλεως
888 3125 957 3218 ᾔει,
976 3131 1014 3198 έν
1031 3130 1121 3217 δεξιᾷ

168 3236 254 3318 ἔχων
278 3229 337 3299 τόν
354 3231 506 3318 ποταμὸν
522 3229 585 3299 τόν
604 3237 747 3318 Νεῖλον,
771 3231 828 3298 καί
853 3227 915 3298 ὅσα
937 3227 1017 3299 καθ’
1038 3227 1121 3298 όιλόυ

127 3357 154 3400 ιο
166 3339 273 3420 χωρία
288 3330 488 3402 ἐνδιδόντων
500 3336 569 3399 τῶν
584 3330 806 3401 ἐνοικούντων
815 3330 990 3417 κατασχόν
1000 3331 1053 3401 διά
1062 3333 1121 3416 τῆς

169 3433 293 3522 ἐρήμου
318 3431 458 3520 ἄφίκετο
483 3436 516 3513 ἐς
530 3432 753 3502 Ἡλιούπολιν.
788 3434 919 3501 έκεῑθεν
942 3431 980 3502 δὲ
1003 3430 1121 3520 διαβάς
1137 3444 1154 3494 4

165 3532 227 3604 τόν
251 3533 359 3623 πόρον
382 3525 462 3620 ἧκεν
488 3537 521 3612 ές
546 3534 704 3621 Μέμφιν·
737 3534 794 3602 καί
816 3532 896 3604 θύει
914 3536 983 3602 έκεῑ
998 3547 1067 3612 τοῖς
1084 3557 1121 3601 τε

935 3643 970 3694 7·
