2650 3948
471 267 656 322 εαιεεειε
674 273 697 334 1,
716 269 743 323 ε.
1059 269 1099 336 17

136 418 219 480 είσω
241 412 303 477 τοῦ
320 413 452 496 τείχους
469 407 540 476 ὅσοι
562 413 632 477 τῶν
651 407 864 479 Μακεδόνων
888 409 990 497 ἐγγύς
1012 438 1099 500 φεν-

135 510 269 596 γόντων
286 519 427 597 εἴχοντο,
445 508 503 578 ἅτε
519 511 575 578 καὶ
592 515 662 578 τῶν
674 515 797 599 τειχῶν
814 515 871 580 δια
886 509 945 592 τὰς
963 537 1099 602 προφυ-

137 609 242 691 λακδις
264 609 326 690 τδς
343 609 471 690 πολλὰς
489 609 622 699 ἐρήμων
646 609 764 681 ὄντων.
799 612 855 679 καλ
873 613 1099 701 παρελθόντες
1116 628 1132 677 6

137 718 187 792 είς
210 710 273 798 την
291 716 468 800 Καδμείαν
492 716 527 780 οί
540 711 603 800 μὲν
630 715 764 782 ἐκεῖθεν
781 715 865 782 κατὰ
882 711 919 783 τδ
941 711 1099 804 Ἀμφεῖον

96 845 111 886 ε
138 813 206 882 σόν
229 827 300 894 τοίς
317 814 493 901 κατέχουσι
513 811 577 900 τὴν
594 819 768 902 Καδμείαν
791 815 962 901 ἐξέβαινον
986 818 1019 897 ἐς
1036 815 1100 903 την

137 914 245 1002 ἄλλην
261 913 374 983 πόλινΙ
393 917 429 982 οί
444 913 481 983 δὲ
494 914 577 983 κατὰ
595 913 635 983 τοὶ
653 921 756 1003 τείχη,
775 915 916 1004 ἐχόμενα
933 915 998 1005 ἤδη
1015 916 1099 1007 πρός

136 1021 207 1086 τῶν
225 1012 515 1085 συνεισπεσόντων
530 1029 601 1096 τοῖς
619 1015 823 1103 φεύγουσιν,
841 1015 1048 1106 ὑπερβάντες
1066 1021 1100 1100 ἐς

136 1117 201 1205 την
224 1114 353 1206 ἀγορὰν
376 1115 490 1209 δρόμφ
514 1117 683 1206 ἐφέροντο.
718 1118 774 1186 καί
799 1114 916 1204 ὀλίγον
939 1121 1002 1208 μέν
1025 1132 1132 1189 τιναλ

138 1217 263 1308 χρόνον
287 1223 421 1306 ἔμειναν
444 1221 480 1286 οί
493 1218 686 1306 τεταγμένοι
701 1223 771 1287 τῶν
789 1225 946 1306 Θηβαίων
963 1219 1046 1289 κατὰ
1063 1220 1100 1291 τδ

100 1317 312 1408 ιοἈμφείον·
341 1313 386 1400 οἱς
410 1317 449 1388 δὲ
472 1318 689 1408 πανταχόθεν
712 1316 828 1400 αὐτοῖς
852 1325 888 1390 οί
902 1321 1100 1402 Μακεδόνες

139 1421 197 1490 καὶ
218 1418 434 1510 Ἀλέξανδρος
452 1418 569 1490 ἄλλοτε
587 1419 673 1510 ἄλλη
698 1419 952 1509 ἐπιφαινόμενος
975 1423 1100 1513 προσέ-

139 1548 260 1610 κειντο,
278 1525 313 1591 οί
327 1521 389 1610 μὲν
407 1526 519 1602 ίππείς
536 1527 605 1591 τοῖν
624 1527 782 1609 Θηβαίων
799 1521 1028 1604 διεκπεσόντες
1046 1522 1100 1592 διδ

137 1629 198 1711 τῆς
221 1621 350 1703 πόλεως
373 1625 407 1703 ἐς
424 1622 462 1692 τδ
487 1626 605 1692 πεδίον
623 1624 813 1710 ἐξέπιπτον,
840 1627 876 1692 οί
891 1623 929 1692 δέ
948 1624 1036 1708 πεζοί
1054 1618 1100 1705 ιδς

141 1723 288 1804 ἑκάστοις
318 1719 507 1812 προύχώρει
534 1723 699 1807 ἐσώζοντο.
733 1729 819 1793 ἔνθα
848 1723 891 1812 δὴ
920 1722 1009 1816 ὀργῇ
1040 1721 1135 1813 οόχ8

102 1856 128 1896 ιε
141 1824 249 1906 οὕτως
262 1828 337 1904 τιοί
347 1824 556 1912 Μακεδόνες,
570 1821 653 1893 ἄλλδ
667 1833 795 1905 Φωκεῖς
808 1851 844 1894 τε
856 1826 913 1894 καὶ
923 1835 1101 1908 Πλαταιεῖς

140 1927 197 1996 καὶ
215 1930 250 1995 οί
264 1924 360 1994 ἄλλοι
383 1924 421 1995 δέ
437 1925 579 1996 Βοιωτοὶ
602 1922 684 1995 οὐδὲ
701 1923 932 2015 ἀμυνομένους
957 1934 1004 1997 ἐτι
1020 1925 1101 2008 τοδς

141 2034 311 2116 Θηβαίους
328 2024 445 2096 οὐδενὶ
462 2026 575 2120 κόσμῳ
599 2031 763 2114 ἔκτεινον,
785 2025 865 2108 τοός
888 2027 951 2116 μὲν
976 2031 1013 2098 ἐν
1029 2042 1102 2110 ταῖς

140 2135 262 2210 οίκίαις
280 2130 560 2215 ἐπεισπίπτοντες,
578 2125 638 2209 οδς
657 2128 695 2198 δέ
710 2128 768 2197 καὶ
786 2130 819 2208 ἐς
837 2125 943 2216 όλκὴν
959 2157 1101 2220 τετραμ-

141 2231 283 2320 μένους,
306 2229 386 2310 τοός
410 2229 448 2298 δέ
471 2229 528 2298 καί
547 2229 631 2318 πρὸς
650 2233 753 2318 ίεροίς
771 2229 998 2319 ίκετεόοντας,
1023 2228 1102 2300 οὔτε

103 2361 130 2402 ιο
142 2336 315 2419 γυναικῶν
332 2329 410 2400 οὔτε
427 2335 559 2400 παίδων
576 2330 777 2420 φειδόμενοι.

219 2432 288 2502 Καί
317 2432 428 2512 πόθος
461 2437 560 2500 τοῦτο
591 2425 784 2518 Ἑλληνικόν
813 2432 947 2519 μεγέθει
975 2459 1012 2501 τε
1041 2437 1143 2520 τῆς9

142 2528 286 2622 ἆλοόσης
304 2533 433 2613 πόλεως
449 2533 506 2601 καί
529 2529 659 2621 ὀξύτητι
675 2537 736 2601 τοῦ
761 2537 879 2621 ἔργον,
904 2529 968 2622 οὐχ
985 2532 1102 2620 ἥκιστα

143 2635 182 2704 δὲ
204 2636 259 2703 καὶ
281 2637 331 2728 τῷ
352 2631 531 2726 παραλόγςο
554 2640 587 2714 ἒς
610 2659 646 2702 τε
661 2631 743 2713 τοδς
760 2633 932 2715 παθόντας
946 2635 1005 2702 καὶ
1022 2632 1102 2715 τοδς

144 2735 346 2824 δράσαντας,
371 2732 411 2804 οό
430 2734 527 2823 μείόν
543 2761 574 2802 τι
590 2733 670 2814 τοδς
687 2730 984 2823 ἅλλουςἝλληνας
1007 2732 1028 2823 ἢ
1046 2735 1102 2804 καὶ

104 2865 131 2907 ιε
143 2835 265 2918 αότοδς
277 2835 357 2916 τοδς
370 2834 592 2924 μετασχόντας
605 2840 667 2904 τοῦ
680 2841 781 2924 ἔργον
796 2836 959 2924 ἐξέπληξε.
985 2835 1026 2905 τδ
1040 2835 1102 2925 μδν
1119 2850 1135 2899 2

142 2936 207 3026 γδιρ
225 2937 303 3026 περὶ
321 2943 483 3008 Σικελίαν
503 2932 692 3024 Ἀθηναίοις
714 2938 974 3025 ξυνενεχθέντα,
999 2943 1032 3007 εί
1046 2937 1103 3006 καί

142 3038 264 3127 πλήθει
292 3043 360 3107 τοῖν
384 3034 602 3126 ἀπολομένων
626 3032 666 3106 οό
692 3043 811 3126 μείονα
840 3037 902 3125 τὴν
926 3037 1103 3128 ξυμφορὰν

142 3145 184 3231 τῇ
203 3140 297 3208 πόλει
311 3139 465 3227 ἤνεγκεν,
483 3135 567 3207 ἀλλὰ
584 3143 631 3230 τῷ
643 3164 679 3206 τε
692 3137 808 3226 πόρρω
822 3135 887 3208 dud
906 3145 966 3226 τῆς
979 3143 1102 3220 οίκείας

143 3245 373 3330 διαφθαρῆναι
402 3237 517 3320 αὐτοῖς
546 3237 606 3308 τόν
636 3237 796 3328 στρατόν,
823 3239 880 3308 καί
908 3238 970 3309 τδν
993 3239 1103 3309 πολδν

106 3369 132 3412 ει
145 3341 348 3430 ξυμμαχικὸν
360 3347 488 3428 μᾶλλον
504 3337 526 3428 ἢ
543 3346 669 3408 οίκεῑον
686 3338 778 3426 ὄντα,
795 3340 852 3408 καὶ
864 3342 911 3432 τῷ
929 3340 991 3428 τὴν
1004 3340 1103 3409 πόλιν

143 3441 258 3523 αὐτοῖς
282 3447 553 3530 περιλειφθῆναι,
578 3438 622 3520 ὡς
645 3441 702 3508 καί
726 3443 760 3520 ἐς
782 3439 926 3530 ὕστερον
944 3442 999 3510 ἐπί
1015 3439 1102 3510 πολι)

142 3548 189 3638 τῷ
204 3544 336 3638 πολέμῳ
351 3538 518 3632 όντισχείν
532 3545 805 3630 Λακεδαιμονίοις
817 3569 852 3610 τε
865 3543 922 3610 καί
934 3557 1004 3622 τοῖς
1018 3548 1102 3630 ξυμ-

192 3663 321 3707 Δεεωιω.
932 3656 949 3705 2
