2664 3946
240 258 302 324 164
592 256 845 319 ΔΛΕΞΔΝΔΡΟΤ

238 418 353 506 δόξαν,
380 416 426 498 ἀς
452 415 493 488 οά
520 417 561 487 τά
588 424 702 488 δίκαια
727 416 793 508 ἀρα
811 418 873 506 χρῆ
890 424 1026 508 σπουδῇ
1046 419 1202 506 ἐπιλεγό-

238 547 340 607 μενον
358 519 515 607 πράττειυ
532 517 593 590 τόν
617 520 766 607 βασιλέα,
790 518 875 588 ἀλλὰ
892 517 911 588 ὅ
928 546 959 588 τι
972 515 1015 590 ἀν
1032 522 1089 590 καὶ
1107 519 1201 602 ὅπως

238 612 302 691 οὖν
329 623 364 690 ἐκ
390 621 550 710 βασιλέως
576 623 735 711 πραχθῆ,
760 625 861 690 τοῦτο
887 625 1017 690 δίκαιον
1042 629 1200 709 νομίζειν.

204 737 220 785 9
240 723 310 792 ἐπεὶ
333 723 390 790 καὶ
414 732 679 809 προσκυνεῖσθαι
705 721 835 792 ἐθέλειν
856 719 1075 810 Ἀλέξανδρον
1100 723 1202 810 λόγος

238 825 377 910 κατέχει,
402 821 557 912 ὑπούσης
582 821 646 910 μέν
672 819 765 912 αὐτῷ
783 824 840 892 καὶ
857 825 916 910 τῆς
933 822 1021 911 ἀμφὶ
1041 828 1103 892 τοῦ
1111 821 1229 912 ’κλμ-ε

237 951 349 1011 μωνυς
366 925 491 1011 πατρὸς
508 924 638 1011 μᾶλλόν
651 951 683 992 τι
699 918 721 1012 ῆ
741 930 911 994 Φιλίππου
929 923 1040 1013 δόξης,
1059 925 1201 1012 θαυμά-

237 1034 334 1108 ζοντα
350 1024 388 1094 δέ
402 1023 466 1114 ῆδη
483 1026 524 1094 τδι
543 1027 688 1113 Περσῶν
704 1025 762 1094 καὶ
780 1024 915 1110 Μῆδον
932 1027 990 1112 τῆς
1002 1051 1039 1094 τε
1057 1027 1200 1112 ἐσθῆτος

237 1130 279 1215 τῆ
296 1123 427 1214 ἀμείψει
439 1131 495 1196 καὶ
509 1131 568 1213 τῆς
581 1125 685 1214 ἄλλης
697 1134 882 1214 θεραπείας
893 1132 934 1215 τῆ
948 1126 1198 1214 μετακοσμήσει.

238 1223 303 1298 οὐκ
326 1229 477 1313 ἐνδεῆσαι
497 1227 535 1296 δὲ
556 1226 639 1297 οόδλ
656 1226 740 1316 πρὸς
763 1230 865 1296 τοῦτο
883 1225 976 1319 αὐτῷ
994 1227 1076 1308 τούς
1096 1235 1199 1297 κολα-

237 1334 311 1419 κείᾳ
337 1330 371 1408 ἐς
397 1326 480 1398 αότδ
509 1326 715 1414 ἐνδιδόντας,
742 1325 866 1408 ἄλλους
890 1329 930 1396 τέ
950 1353 1044 1408 τινας
1069 1329 1127 1397 καὶ
1153 1327 1197 1414 δῆ
1215 1358 1240 1399 ιι

238 1431 294 1500 καλ
319 1435 389 1498 τῶν
415 1434 586 1516 σοφιστῶν
611 1431 680 1496 τῶν
706 1426 791 1515 ἀμφ’
820 1427 927 1498 αάτόν
941 1427 1147 1516 Ἀνάξαρχόν
1164 1455 1200 1498 τε

237 1531 293 1600 καὶ
312 1521 410 1616 Ἀγιυ
432 1529 598 1616 Ἀργεῖον,
625 1529 795 1598 ἐποποιόν.

192 1629 229 1694 10
315 1634 550 1716 Καλλισθένην
567 1629 605 1698 δὲ
626 1630 687 1699 τόν
700 1629 881 1700 Ὀλύνθιον
896 1630 1142 1720 Ἀριστοτέλους
1164 1657 1200 1700 τε

237 1734 305 1800 τόν
330 1730 442 1818 λόγων
469 1729 667 1818 διακηκοότα
693 1731 748 1800 καί
775 1729 836 1800 τόν
858 1730 984 1820 τρόπον
1008 1732 1091 1802 ὅντα
1107 1731 1199 1801 διτα-

237 1831 452 1921 γροικότερον
484 1828 547 1902 οὐκ
575 1834 724 1902 ἐπαινεῖν
749 1837 865 1900 ταῦτα.
917 1832 1038 1902 τούτου
1065 1832 1128 1921 μὲν
1155 1831 1196 1919 δῆ
1212 1859 1239 1901 ισ
1309 1891 1310 1902 ,

238 1935 336 2002 ἕνεκα
361 1933 418 2001 καλ
444 1929 548 2012 αάτός
575 1934 795 2003 Καλλισθένει
827 1932 1052 2021 ξυμφέρομαι·
1086 1936 1197 2004 ἐκεῖνα
1309 1931 1310 1951 ’

239 2031 277 2101 δὲ
305 2031 417 2103 οὐκέτι
448 2035 571 2119 ἐπιεικῆ
601 2038 691 2102 δοκῶ
721 2039 782 2102 τοῦ
803 2036 1076 2124 Καλλισθένους,
1102 2045 1196 2124 είπερ

239 2127 350 2222 ἀληθῆ
373 2135 631 2222 ξυγγέγραπται,
658 2131 707 2202 ὅτι
724 2131 782 2221 ἀφ’
807 2131 902 2226 αὐτῷ
926 2133 1013 2204 εἶναι
1036 2128 1198 2224 ἀπέφαινε

238 2235 294 2302 καὶ
326 2241 369 2324 τῇ
404 2228 514 2304 αὑτοῦ
539 2237 719 2323 ξυγγραφῆ
748 2232 968 2320 Ἀλέξανδρόν
1000 2263 1036 2305 τε
1067 2237 1122 2306 καὶ
1155 2236 1197 2304 τά
1308 2247 1309 2280 ⁴

205 2333 456 2424 κἈλεξάνδρου
480 2341 571 2425 ἔργα.
615 2332 743 2404 οὔκουν
767 2332 869 2416 αότὸς
896 2331 1039 2425 ἀφῖχθαι
1057 2339 1090 2420 ἐξ
1104 2335 1196 2408 Ἀλε-
1210 2364 1237 2404 το

239 2437 385 2524 ξόυδρου
404 2437 508 2518 δόξαν
525 2435 744 2525 κτησόμενος,
768 2434 854 2504 ἀλλὰ
880 2440 1009 2508 ἐκεῖνον
1026 2433 1147 2508 εόκλεά
1165 2441 1198 2518 ἐς

238 2537 442 2627 ἀνθρώπους
469 2537 626 2624 ποιῆσον.
676 2537 732 2606 καλ
757 2528 821 2607 οὖν
846 2540 903 2616 καὶ
929 2543 991 2608 τοῦ
1014 2549 1113 2609 θείου
1137 2535 1197 2626 τῆν

238 2644 418 2726 μετουσίαν
442 2632 648 2730 Ἀλεξάνδρςο
679 2635 743 2708 οὐκ
771 2640 803 2720 ἐξ
831 2629 880 2709 ὧν
901 2636 1084 2728 Ὀλυμπιὰς
1110 2637 1196 2727 ὑπὲρ

239 2746 298 2828 τῆς
324 2742 486 2825 γενέσεως
511 2735 618 2808 αὐτοῦ
642 2739 799 2820 ψεύδεται
823 2737 1047 2830 ἀνηρτῆσθαι,
1073 2739 1143 2810 ἀλλ’
1165 2743 1197 2822 ἐξ

241 2831 289 2909 ὧν
305 2835 347 2907 ἀν
365 2834 467 2919 αότὸς
483 2836 571 2927 ὑπὲρ
584 2838 804 2927 Ἀλεξάνδρου
823 2842 1022 2928 συγγράψας
1044 2842 1236 2930 ἐξενέγκητε

206 2943 275 3021 3ἐς
308 2934 522 3028 ἀνθρώπους.
574 2940 638 3010 είσλ
665 2940 703 3008 δὲ
729 2947 766 3010 οἳ
788 2941 844 3008 καὶ
875 2942 955 3012 τάδε
987 2941 1195 3034 ἀνέγραψαν,

241 3039 285 3122 ὡς
317 3039 382 3127 ἀρα
408 3039 508 3128 ῆρετό
534 3065 613 3108 ποτε
643 3039 748 3110 αὐτόν
782 3041 931 3124 Φιλώτας
957 3043 1072 3113 ὅντινα
1097 3054 1195 3114 οίοιτο

240 3141 381 3230 μάλιστα
397 3146 577 3230 τιμηθῆναι
593 3141 677 3228 πρὸς
694 3147 752 3228 τῆς
767 3139 955 3230 Ἀθηναίων
972 3143 1113 3225 πόλεως·
1139 3143 1197 3213 τόν

241 3242 279 3313 δέ
305 3240 553 3332 ἀποκρίνασθαι
566 3240 742 3331 Ἁρμόδιον
768 3243 823 3312 καὶ
850 3241 1124 3334 Ἀριστογείτονα,
1150 3243 1195 3313 ότι
1305 3249 1306 3285 λ

240 3344 299 3414 τόν
326 3348 439 3432 ἕτερον
464 3359 538 3412 τοτν
563 3343 744 3432 τυράννοιν
768 3350 917 3416 ἔκτειναν
933 3347 990 3415 καὶ
1013 3351 1234 3433 τυραννίδαεο

206 3443 290 3514 λόει
314 3446 511 3514 κατέλυσαν.
565 3447 700 3534 ἐρέσθαι
724 3473 760 3516 τε
786 3439 888 3528 αὖθις
913 3446 974 3517 τόν
993 3447 1146 3516 Φιλιόταν
1169 3451 1199 3516 εί

241 3551 287 3636 τῷ
304 3543 473 3636 τύραννον
491 3551 654 3616 κτείναντι
671 3545 814 3634 όπάρχει
831 3545 906 3636 παρ’
922 3547 1078 3629 οὕστινας
1094 3547 1199 3618 ἐθέλει
1304 3579 1305 3619 ι
