2664 3946
233 231 293 296 146
587 228 838 288 ειεπιαιεοτ

230 375 287 437 καί
314 371 567 456 καταστήσαντα
595 371 632 436 ἐν
660 371 751 454 δεξιᾷ
777 373 836 454 τῆς
862 366 946 436 ὀδοῦ
973 359 996 455 ή
1024 367 1126 449 αὐτός
1154 393 1189 436 τε

231 473 287 540 καί
301 472 321 557 ή
337 471 475 557 στρατιά
491 469 741 555 παρελάσεσδαι
758 473 885 556 ἔμελλε.
915 471 972 536 καὶ
982 475 1190 557 Πτολεμαῖος

231 571 337 650 οὕτως
358 569 523 656 ἐποίησεν.

192 693 213 740 4
311 673 526 758 Ἀλέξανδρος
548 673 586 742 δέ
609 670 693 740 ίδιδυ
715 671 776 738 τδν
796 678 933 759 Βῆσσον
954 671 1132 759 ἐπιστήσας
1150 676 1187 739 τδ

230 774 319 862 ἀρμα
339 774 440 860 ήρετο
462 773 544 840 ἀνθ’
573 773 653 840 ὅτου
674 773 813 858 βασιλέα
833 773 894 840 τὸν
916 771 1023 840 αὑτοῦ
1045 777 1101 840 καὶ
1123 773 1213 859 ἀμαι

229 877 284 946 καί
315 879 441 943 οίκεϊον
468 877 525 942 καί
554 875 733 960 εὐεργέτην
758 880 909 960 Δαρεῖον
936 878 1125 958 γενόμενον
1149 876 1190 943 τά

229 979 292 1064 μὲν
318 983 434 1063 πρῶτα
456 979 618 1062 ξυνέλαβε
641 978 697 1042 καί
719 973 823 1061 δήσας
844 969 944 1061 ήγεν,
968 981 1083 1076 ἔπειτα
1106 975 1188 1044 ἀπέ-

229 1104 350 1146 κτεινε.
394 1078 451 1145 καί
472 1077 491 1146 ὁ
515 1085 648 1164 Βήσσος
675 1075 715 1144 οά
737 1079 830 1166 μόνῳ
850 1071 886 1144 οί
911 1083 1017 1144 ταῦτα
1046 1079 1189 1157 δόξαντα

229 1184 353 1262 πρᾶξαι
385 1184 466 1266 ἔφη,
502 1179 587 1246 ἀλλά
623 1176 685 1258 ξδν
712 1191 783 1256 τοῖς
813 1181 889 1244 τότε
921 1177 1008 1264 ἀμφὶ
1039 1186 1187 1265 Δαρεῖον

228 1273 339 1365 οὖσιν,
363 1280 408 1358 ὥς
430 1284 599 1366 σωτηρίαν
614 1285 733 1366 σφίσιν
748 1277 907 1362 εὑρέσθαι
928 1279 1006 1363 παρ’
1029 1278 1185 1362 Ἀλεξάν-
1200 1309 1225 1349 ιο

193 1397 211 1448 ο
228 1385 324 1470 δρου.
350 1382 565 1465 Ἀλέξανδρος
579 1383 617 1448 δέ
633 1381 688 1448 έπί
702 1383 814 1448 τοῖσδε
833 1385 1015 1465 μαστιγοῦν
1031 1381 1187 1450 ἐκέλευεν

227 1483 332 1552 αάτδυ
354 1483 410 1550 καί
433 1484 600 1567 ἐπιλέγειν
622 1482 681 1549 τὰν
703 1483 835 1568 κήρυκα
857 1481 961 1548 ταάτά
989 1485 1103 1550 ἐκεῖνα
1125 1484 1186 1550 ὅσα

227 1585 328 1665 αάτδς
358 1590 405 1672 τῷ
429 1585 551 1672 Βήσσῳ
572 1584 611 1650 ἐν
635 1587 676 1671 τῇ
700 1587 819 1650 πύστει
844 1581 1008 1650 ὠνείδισε.
1056 1585 1186 1669 Βήσσος

226 1690 290 1772 μέν
318 1685 359 1771 δή
393 1684 498 1762 οὕτως
528 1685 695 1763 αίκισθείς
725 1683 953 1770 ἀποπέμπεται
986 1684 1021 1762 ἐς
1047 1686 1185 1770 Βάκτρα

226 1787 513 1870 ἀποθανούμενος.
542 1786 713 1852 καὶταῦτα
728 1791 932 1872 Πτολεμαῖος
946 1784 1032 1872 ὑπὲρ
1047 1787 1183 1872 Βήσσου
1197 1811 1225 1852 15

226 1887 431 1973 ἀνέγραψεν·
445 1887 698 1972 Ἀριστόβουλος
713 1890 762 1972 δέ,
777 1886 857 1964 τούς
871 1886 957 1973 ἀμφί
969 1889 1184 1973 Σπιταμένην

225 2013 262 2056 τε
283 1990 340 2055 καί
353 1990 580 2074 Δαταφέρνην
594 1993 792 2077 Πτολεμαίῳ
813 1987 953 2074 ἀγαγεῖν
970 1993 1107 2074 Βῆσσον
1128 1991 1185 2056 καί

225 2094 437 2176 παραδοῦναι
447 2089 655 2176 Ἀλεξάνδρῳ
676 2093 808 2175 γυμνὸν
830 2091 868 2156 έν
882 2095 984 2177 κλοιῷ
1005 2092 1182 2176 δήσαντας.

192 2202 209 2252 6
308 2191 523 2279 Ἀλέξανδρος
537 2193 575 2257 δέ
589 2189 833 2277 ἀναπληρώσας
851 2191 890 2256 τὸ
906 2191 1045 2258 ίππικδν
1061 2193 1099 2258 ἐκ
1115 2197 1184 2260 τάν

224 2292 372 2360 αὐτόθεν
398 2295 513 2360 ἵππων
535 2292 668 2379 (πολλοὶ
695 2294 761 2378 γάρ
789 2291 880 2380 αὐτῷ
906 2294 1004 2358 ἵπποι
1025 2299 1064 2360 έν
1084 2317 1121 2360 τε
1141 2298 1181 2380 τῇ
1196 2318 1226 2358 το

222 2395 396 2482 ὑπερβολή
416 2400 478 2462 τοῦ
491 2395 677 2462 Καυκάσου
699 2394 756 2460 καὶ
779 2395 817 2460 έν
831 2399 872 2481 τῇ
888 2393 941 2460 έπί
962 2395 1023 2462 τὸν
1032 2387 1133 2474 Ὡξάν
1147 2419 1184 2460 τε

222 2498 280 2564 καί
300 2497 365 2563 ἀπὸ
386 2501 448 2562 τοῦ
456 2495 564 2576 Ὦξον
585 2498 705 2582 πορείᾳ
728 2494 897 2577 έξέλιιιον)
920 2492 965 2573 ἀς
987 2496 1043 2562 ε’πί
1058 2497 1183 2580 Μαρά-

161 2659 164 2668 ,
223 2599 331 2664 κανδα
357 2588 433 2683 ήγε·
470 2597 511 2663 τά
539 2597 578 2662 δέ
609 2599 679 2663 έστι
710 2599 864 2680 βασίλεια
895 2603 955 2683 τῆς
982 2599 1184 2682 Σογδιανῶν

189 2701 341 2783 τχεάρας.
375 2701 474 2764 ἔνθεν
499 2699 537 2764 δὲ
561 2697 616 2764 έπλ
641 2696 701 2764 τὸν
726 2699 852 2763 Τάναϊν
876 2700 1027 2782 ποταμὸν
1050 2699 1181 2785 προήει.

221 2803 268 2885 τῷ
294 2799 331 2864 δέ
357 2795 498 2865 Τανάϊδι
525 2801 649 2886 τούτῳ,
678 2797 718 2863 δν
740 2800 781 2884 δή
806 2799 863 2864 καί
889 2799 1061 2885 Ἰαξάρτην
1091 2799 1228 2888 ἀλλῳι5

222 2898 360 2984 ὀνόματι
388 2899 470 2984 πρὸς
491 2904 560 2966 τοῖν
582 2902 771 2984 ἐπιχωρίων
798 2903 982 2986 βαρβάρων
1004 2905 1183 2966 καλεῖσθαι

221 3001 312 3084 λέγει
323 2998 593 3086 Ἀριστόβουλος,
610 3003 649 3066 αί
664 3001 767 3086 πηγαί
787 3003 851 3084 μὲν
866 3003 905 3069 έκ
919 3006 980 3067 τοῦ
995 3003 1182 3068 Καυκάσου

221 3100 323 3186 ὄρους
344 3099 401 3167 καὶ
422 3101 513 3188 αὐτῷ
533 3103 633 3166 εἰσιν·
658 3101 764 3185 ἐξίησι
778 3103 816 3168 δὲ
837 3102 894 3168 καί
916 3094 1014 3180 οὗτος
1035 3101 1054 3168 δ
1075 3125 1181 3169 ποτα-

180 3203 282 3287 σμὸς
313 3203 347 3279 ἐς
373 3201 436 3287 τήν
453 3199 632 3284 Ὑρκανίαν
652 3203 842 3269 θάλασσαν.
883 3203 982 3281 ἀλλος
1007 3203 1037 3270 δ’
1063 3200 1181 3288 ἀνείη
1308 3239 1309 3244 ¹

225 3306 348 3382 Τάναϊς
358 3299 443 3387 ὑπὲρ
455 3301 535 3370 ὅτου
546 3303 635 3387 λέγει
643 3301 821 3389 Ἡρόδοτος
836 3303 1042 3390 δλογοποιός
1057 3301 1180 3390 ’ὁγδοου
1195 3325 1228 3364 ³0
1308 3365 1309 3370 ,

221 3401 308 3472 εἶναι
339 3409 409 3471 τάν
440 3407 600 3488 ποταμοῖν
628 3408 696 3470 τῶν
726 3408 912 3473 Σκυθικῶν
946 3407 1090 3492 Τάναιν,
1123 3405 1181 3474 καί
1308 3415 1309 3418 ’

220 3507 311 3592 ῥέειν
339 3507 401 3592 μέν
422 3504 459 3572 έιι
483 3510 600 3592 λίμνης
619 3509 766 3592 μεγάλης
786 3505 984 3593 ἀνίσχοντα,
1007 3509 1180 3576 ἐκδιδόναι
