2664 3946
494 207 678 258 ΔΝΔΒΔΣΙΣ
697 211 723 271 2,
742 210 782 260 1⁰.
1073 205 1114 272 ἸΙ

147 346 256 432 μαστλ
287 345 345 414 καὶ
374 349 444 414 τῶν
475 347 582 426 ξέναν
610 351 679 416 τῶν
704 346 924 435 μισθοφόρων
947 344 1019 417 ὅσοι
1043 345 1113 416 κατ’

148 447 293 528 ἀξίωσιν
311 445 332 534 ἣ
349 473 424 516 τινα
442 446 564 536 άρετὴν
581 448 829 539 γνωριμώτεροι
846 441 931 536 ἦσαν
948 451 1005 518 καὶ
1019 448 1113 542 αὐτῷ

150 547 370 635 πανταχόθεν
384 549 447 638 βοὴ
462 552 612 637 ἐγίγνετο
626 551 671 639 μὴ
685 554 879 640 διατρίβειν,
896 549 982 620 άλλόι
994 552 1113 640 ἐσβάλ-

150 659 224 718 λειν
249 652 283 729 ές
307 649 389 730 τούς
412 658 601 739 πολεμίους.
643 651 661 719 ὁ
681 651 719 721 δὲ
735 643 816 739 ἦγεν
835 656 872 722 έν
889 653 978 733 τάξει
996 659 1055 741 ἔτι,
1072 652 1150 722 τδσ

119 750 217 838 εμὲν
240 753 375 842 πρῶτα,
401 760 522 840 καίπερ
548 755 585 822 έν
609 752 750 845 ἀπόπτῳ
773 752 837 842 ἤδη
857 760 942 840 έχων
959 753 1021 842 τὴν
1038 765 1113 824 Δα-

150 860 248 940 ρείου
267 852 431 941 δυ’ναμιν,
461 855 589 942 βάδην,
617 859 678 923 τοῦ
698 855 743 944 μὴ
761 858 1013 943 διασπασθῆναί
1027 881 1059 923 τι
1078 858 1115 924 έν

149 957 200 1045 τῷ
220 954 452 1046 ξυντονωτέρᾳ
471 964 591 1045 πορεία
608 959 764 1043 κυμῆναν
781 962 840 1044 τῆς
858 957 1042 1044 φάλαγγος·
1069 955 1116 1036 οἱς
1200 969 1202 973 ’

151 1055 192 1126 δὲ
212 1057 307 1136 έντδς
323 1058 446 1145 βέλους
466 1059 659 1146 ἐγίγνοντο,
683 1061 808 1146 πρῶτοι
824 1057 866 1145 δὴ
884 1064 920 1127 οἱ
934 1056 1002 1126 κατ’
1018 1057 1112 1128 Ἀλέ-

151 1159 300 1245 ξανδρον
309 1159 366 1227 καὶ
381 1156 483 1238 αὐτὸς
495 1157 712 1248 Ἀλέξανδρος
728 1161 783 1228 ἐπὶ
795 1162 856 1227 τοῦ
872 1159 980 1240 δεξιοῦ
995 1185 1115 1246 τεταγ-

110 1291 137 1332 ιο
151 1261 255 1346 μένος
278 1259 393 1352 δρόμφ
418 1263 452 1340 ές
473 1259 534 1328 τόν
558 1259 709 1348 ποταμόν
733 1261 912 1348 ἐνέβαλον,
944 1261 991 1340 άς
1013 1265 1055 1349 τῇ
1080 1285 1115 1330 τε

152 1359 288 1448 ὀξύτητι
311 1363 369 1448 τῆς
395 1361 521 1449 ἐφόδου
547 1363 705 1450 ἐκπλῆξαι
726 1361 807 1441 τούς
826 1363 959 1449 Πέρσας
976 1363 1034 1429 καλ
1051 1363 1113 1430 τοῦ

151 1465 286 1532 θᾶσσον
305 1465 339 1542 ἐς
356 1478 470 1551 χεῖρας
490 1463 653 1542 ἐλθόντας
671 1461 771 1551 ὀλίγα
788 1464 872 1552 πρδς
885 1465 954 1529 τῶν
968 1463 1114 1543 τοξοτῶν

152 1563 371 1653 βλάπτεσθαι.
415 1567 472 1633 καὶ
491 1566 613 1653 ξυνέβη
631 1563 721 1644 ὅπως
739 1575 871 1634 εἴκασεν
885 1562 1112 1650 Ἀλέξανδρος.

154 1665 264 1746 εὐθὺς
281 1664 347 1753 γάρ
366 1663 412 1744 εδς
432 1669 469 1735 έν
486 1668 601 1754 χερσὶν
618 1664 638 1751 ἡ
656 1666 744 1753 μάχη
765 1667 912 1752 ἐγένετο,
936 1665 1148 1751 τρέπονταιλ

113 1769 216 1836 τετοῦ
242 1769 410 1854 Περσικοῦ
442 1767 687 1854 στρατεύματος
718 1769 756 1835 ολ
774 1769 821 1857 τῷ
845 1765 1007 1858 ἀριστερῷ
1030 1767 1113 1855 κέρα

155 1868 413 1955 ἐπιτεταγμένοι·
448 1870 505 1936 καὶ
523 1868 630 1958 ταότη
649 1868 712 1956 μὲν
730 1871 890 1957 λαμπρῶς
909 1870 1004 1938 ἐνίκα
1019 1866 1113 1937 Ἀλέ-

154 1969 299 2056 ξανδρός
321 1995 358 2038 τε
380 1971 437 2037 καὶ
461 1974 498 2038 οἱ
518 1968 598 2058 ἄμφ’
624 1969 739 2040 αὐτόν.
782 1974 818 2038 οἱ
838 1969 877 2038 δὲ
895 1966 1053 2058 Ἕλληνες
1079 1973 1117 2038 οἱ

154 2069 360 2160 μισθοφόροι
372 2075 409 2139 οἱ
419 2069 485 2140 σόν
494 2079 643 2163 Δαρείφ,
661 2062 683 2160 ᾗ
699 2072 806 2158 διέσχε
819 2073 888 2139 τάν
901 2070 1114 2140 Μακεδόνων

153 2171 175 2260 ἡ
195 2171 327 2260 φάλαγξ
347 2170 392 2251 ὥς
411 2174 466 2241 ἐπὶ
483 2173 522 2241 τό
540 2173 648 2252 δεξιόν
665 2174 764 2261 κέρας
782 2188 1045 2262 παραρραγεῖσα,
1064 2169 1115 2239 ὅτι

114 2274 371 2362 εοἈλέξανδρος
394 2273 457 2360 μέν
482 2277 614 2362 σπουδῇ
641 2277 674 2354 ές
697 2274 758 2342 τδν
781 2274 933 2360 ποταμόν
958 2273 1148 2361 ἐμβαλῶνο

156 2377 214 2444 καὶ
246 2378 284 2444 έν
307 2377 401 2463 χερσὶ
425 2374 486 2462 τὴν
510 2376 620 2463 μάχην
643 2375 782 2460 ποιήσας
808 2375 925 2455 έξοέθει
946 2371 1009 2460 η”δη
1032 2373 1114 2452 τούς

156 2475 263 2565 ταάτη
281 2477 506 2563 τεταγμένους
523 2479 592 2544 τῶν
610 2480 771 2564 Περσῶν,
798 2481 834 2544 οἱ
854 2475 893 2544 δὲ
909 2473 992 2542 κατά
1010 2474 1114 2561 μέσον

155 2581 227 2646 τάν
250 2577 463 2648 Μακεδόνων
487 2575 565 2646 οὔτε
587 2579 629 2666 τῇ
655 2587 712 2666 ἴση
737 2578 869 2666 σπουδῇ
896 2573 1025 2664 ἥψαντο
1049 2575 1113 2644 τοῦ

158 2685 259 2768 ἔργον
273 2680 331 2748 καὶ
345 2679 495 2766 πολλαχῆ
508 2677 715 2768 κρημνώδεσι
727 2693 802 2758 ταῖς
816 2676 932 2766 όχθαις
947 2676 1114 2763 ἐντυγχά-

116 2809 143 2849 εε
156 2807 273 2861 νοντες
294 2779 333 2848 τό
357 2781 512 2867 μέτωπον
533 2785 592 2868 τῆς
616 2779 789 2868 φάλαγγος
814 2779 854 2848 ού
875 2780 1017 2850 δυνατοὶ
1038 2778 1114 2864 ε’γέ-

156 2907 257 2951 νοντο
276 2884 313 2950 έν
329 2883 371 2969 τῇ
391 2881 477 2970 αὐτῇ
496 2881 585 2960 τάξει
601 2882 842 2968 διασώσασθαι,
860 2879 967 2968 ταάτη
988 2879 1114 2968 ἐμβάλ-

157 2990 275 3052 λουσιν
299 2987 335 3052 os
346 2981 504 3071 Ἕλληνες
521 2999 591 3063 τοῖς
609 2982 805 3052 Μακεδόσιν
822 2973 845 3070 ᾖ
863 2981 1005 3069 μάλιστα
1023 2986 1113 3050 διεσ-

157 3085 331 3172 πασμένην
357 3083 475 3164 αὐτοῖς
502 3084 564 3170 τὴν
594 3084 753 3170 φάλαγγα
778 3088 943 3152 κατεῖδον.
989 3084 1047 3151 καὶ
1073 3080 1149 3150 τδσ

158 3193 258 3275 ἔργον
278 3189 428 3255 ἐνταῦθα
445 3185 607 3274 καρτερὸν
623 3176 684 3272 ἦν,
710 3188 780 3253 τῶν
796 3183 859 3272 μὲν
879 3187 912 3264 ές
928 3182 989 3252 τὸν
1007 3209 1113 3252 ποτα-

120 3319 144 3358 εο
157 3287 223 3375 μδν
240 3286 441 3356 άπάσασθαι
456 3286 537 3366 τούς
551 3285 754 3364 Μακεδόνας
771 3287 828 3354 καὶ
846 3285 907 3373 τὴν
924 3293 1025 3374 νίκην
1040 3299 1114 3364 τοῖς

157 3386 220 3476 ἤδη
243 3389 430 3476 φεύγουσιν
448 3387 562 3459 αὐτῶν
579 3385 829 3456 άνασοάσασθαι·
863 3389 933 3455 τῶν
951 3385 1113 3456 Μακεδό-

156 3516 228 3558 νων
251 3489 289 3558 δὲ
310 3492 369 3576 τῆς
386 3516 422 3559 τε
442 3488 661 3575 Ἀλεξάνδρου
679 3486 742 3576 ἤδη
760 3488 964 3576 φαινομένης
982 3487 1106 3574 εὐπρα-
