2650 3948
471 277 652 330 εαεοεειε
672 282 694 338 ι,
714 280 754 331 ιι.
1051 278 1095 344 33

132 418 192 490 τόν
206 411 369 505 Ἀερόπου
385 417 440 486 έπλ
453 416 516 505 τήν
529 418 642 508 χώραν
655 415 717 507 τήν
731 417 910 507 Μέμνονος
925 419 1093 509 ἐκπέμπει,

133 521 277 608 ἄγοντας
289 519 369 598 τούς
381 545 418 588 τε
427 526 722 608 Πελοποννησίους
732 521 786 589 καὶ
800 526 869 589 τών
883 519 995 590 ἄλλων
1008 524 1092 611 ξυμ-

133 622 250 712 μάχων
272 619 353 702 τούς
376 619 522 702 πολλούς
545 620 633 710 πλήν
659 618 834 710 Ἀργείων·
866 614 959 692 οὗτοι
988 621 1026 692 δέ
1057 625 1094 692 έν

134 723 285 810 Σάρδεσι
300 729 571 811 κατελείφθησαν
587 721 650 810 τήν
668 718 775 811 ἄκραν
792 723 983 812 φυλάττειν.

108 851 121 892 ε
206 821 262 896 Ἐν
279 823 386 917 τούτῳ
404 823 442 893 δέ
460 821 505 904 ώς
524 821 565 893 τά
582 821 669 912 ὑπὲρ
692 829 750 911 τῆς
775 829 977 914 ἱππομαχίας
996 828 1092 913 έξηγ-
1127 839 1149 884 9·

132 928 256 1014 γέλθη,
282 930 373 995 οἵτε
394 923 457 1012 τήν
472 924 618 1012 Ἔφεσον
641 931 869 1013 φρουροῦντες
891 927 1095 1015 μισθοφόροι

134 1027 263 1121 ώχοντο
288 1027 490 1114 φεύγοντες,
515 1025 579 1096 δύο
602 1026 743 1114 τριήρεις
759 1033 829 1096 τών
851 1025 1014 1116 Ἐφεσίων
1031 1037 1093 1097 λα-

132 1129 267 1216 βόντες,
298 1128 354 1196 καὶ
381 1126 444 1210 ξύν
470 1125 586 1209 αύτοῖς
606 1125 769 1215 Ἀμύντας
795 1126 814 1197 ὁ
835 1127 1026 1218 Ἀντιόχου,
1053 1127 1093 1211 ὃς

133 1237 262 1318 ἔφυγεν
293 1232 329 1298 ἐκ
359 1234 575 1308 Μακεδονίας
606 1227 847 1319 Ἀλέξανδρον,
878 1229 1001 1300 παθών
1030 1232 1093 1319 μὲν

97 1358 120 1397 ιο
134 1328 239 1401 ούδλν
256 1328 341 1418 πρός
354 1328 595 1420 Ἀλεξάνδρου,
621 1336 765 1422 δυσνοίᾳ
782 1329 821 1400 δέ
839 1336 881 1422 τῇ
899 1330 984 1420 πρὸς
999 1325 1092 1402 Ἀλέ-

133 1436 280 1521 ξανδρον
298 1433 354 1500 καὶ
372 1429 474 1512 αύτός
491 1428 680 1514 ἀπαξιώσας
696 1459 727 1500 τι
744 1442 869 1501 παθεῖν
883 1431 968 1522 πρός
985 1426 1093 1501 αύτοῦ

133 1562 199 1623 αχα
221 1562 243 1602 ι.

200 1561 363 1724 ρΤετόρτη
389 1633 427 1703 δέ
450 1632 558 1726 ἡμέρᾳ
577 1637 610 1715 ές
626 1633 773 1723 Ἔφεσον
791 1632 991 1724 ἀφικόμενος
1013 1634 1093 1716 τούς
1113 1651 1144 1699 10

133 1763 170 1806 τε
194 1736 349 1823 φυγάδας
380 1733 452 1804 ὅσοι
478 1732 522 1804 δι’
556 1733 663 1805 αύτόν
694 1737 848 1818 ἐξέπεσον
876 1743 935 1825 τῆς
964 1735 1093 1817 πόλεως

96 1866 121 1906 ιο
134 1838 302 1926 κατήγαγε
325 1837 381 1906 καὶ
405 1836 467 1924 τήν
491 1835 688 1927 ὀλιγαρχίαν
711 1836 900 1918 καταλύσας
924 1842 1093 1927 δημοκρα-

133 1947 210 2009 τίαν
223 1940 416 2026 κατέστησε·
435 1936 512 2019 τοὺς
525 1937 563 2008 δέ
576 1937 704 2027 φόρους
717 1937 818 2018 ὅσους
831 1954 901 2020 τοῖς
914 1939 1094 2030 βαρβάροις

134 2037 306 2129 ἀπέφερον
334 2045 377 2130 τῇ
404 2035 568 2128 Ἀρτίμιδι
590 2043 763 2123 ξυντελεῖν
790 2041 975 2110 ἐκέλευσεν.
1011 2039 1029 2112 ὁ
1055 2040 1093 2110 δέ
1112 2057 1140 2105 ll

134 2148 240 2231 δήμος
263 2138 281 2211 ὁ
307 2139 574 2228 τώνἘφεσίων,
600 2139 645 2220 ώς
668 2140 826 2232 ἀφῃρέθη
850 2137 966 2223 αύτοῖς
991 2135 1093 2214 ὁάπό

133 2248 203 2312 τών
220 2239 345 2329 ὀλίγων
362 2242 479 2331 φόβος,
497 2242 577 2323 τούς
590 2269 625 2312 τε
640 2243 806 2330 Μέμνονα
823 2244 1094 2332 ἐπαγαγομένους

96 2344 191 2413 εοκαλ
215 2343 295 2425 τούς
324 2340 362 2414 τό
392 2342 485 2431 ίερόν
514 2343 724 2432 συλήσαντας
746 2349 804 2431 τῆς
825 2342 1014 2433 Ἀρτέμιδος
1036 2344 1093 2412 καὶ

134 2443 215 2526 τούς
232 2443 293 2532 τήν
307 2444 421 2515 είκόνα
434 2445 498 2534 τήν
512 2453 682 2517 Φιλίππου
700 2443 761 2533 τήν
775 2448 812 2513 έν
828 2452 875 2538 τῷ
894 2449 973 2538 ἱερῷ
989 2472 1093 2512 κατα·

134 2545 299 2634 βαλόντας
317 2546 374 2614 καὶ
391 2546 451 2616 τόν
468 2545 577 2633 τάφον
596 2549 708 2634 ἕκτης
725 2543 849 2634 ἀγορᾶς
867 2544 1094 2637 ἀνορύξαντας

134 2645 195 2717 τόν
204 2645 401 2734 Ἡροπύθου
414 2653 476 2718 τού
491 2647 779 2737 ἐλευθερώσαντος
791 2647 853 2737 τήν
866 2647 965 2718 πόλιν
979 2646 1093 2737 ώρμη·

136 2769 201 2818 σοιν
227 2747 428 2819 ἀποκτεῖναι.
462 2749 518 2818 καὶ
545 2749 713 2839 Σύρφακα
738 2750 801 2840 μέν
824 2751 880 2819 καὶ
903 2748 964 2820 τόν
987 2755 1093 2819 παῖδα
1112 2764 1143 2813 12

96 2876 121 2917 ει
135 2846 243 2919 αύτού
261 2849 457 2937 Πελάγοντα
481 2851 537 2919 καὶ
553 2850 631 2932 τούς
648 2857 717 2921 τών
734 2847 893 2940 ἀδελφῶν
915 2857 976 2921 τού
995 2851 1092 2940 Σύρ-

134 2977 241 3041 φακος
259 2957 382 3032 παῖδας
401 2954 438 3021 έκ
450 2957 511 3022 τού
530 2955 624 3041 ίερού
643 2953 860 3039 ἐξαγαγόντες
874 2953 1091 3022 κατέλευσαν·

134 3051 214 3134 τούς
238 3051 275 3122 δέ
292 3051 415 3134 ἀλλους
434 3053 636 3123 διεκώλυσεν
658 3046 876 3143 Ἀλέξανδρος
892 3055 1094 3143 προσωτέρω

135 3157 296 3238 ἐπιζητεῖν
306 3154 363 3222 καὶ
376 3163 604 3243 τιμωρεῖσθαι,
617 3153 723 3241 γνούς
735 3153 784 3224 ὅτι
793 3153 878 3244 ὁμοῦ
890 3169 961 3237 τοῖς
974 3161 1093 3236 αίτίοις

135 3256 190 3323 καὶ
207 3251 249 3324 ου’
269 3253 334 3336 ξύν
351 3259 430 3345 δίκη
447 3254 558 3342 τινάς,
582 3254 664 3336 τούς
681 3256 744 3344 μέν
761 3254 834 3324 κατ’
856 3263 993 3345 ἔχθραν,
1012 3254 1092 3336 τούς

97 3381 122 3422 ιο
136 3354 173 3425 δέ
190 3355 274 3425 κατά
293 3354 450 3445 ἁρπαγήν
474 3355 650 3446 χρημάτων
668 3355 853 3445 ἀποκτενεῖ,
874 3357 1092 3447 ξυγχωρηθὲν

135 3451 239 3551 αύτῷ,
255 3455 273 3528 ό
288 3463 402 3546 δῆμος.
419 3459 476 3526 καὶ
490 3464 521 3526 εί
533 3457 576 3546 δή
588 3485 635 3552 τφ
649 3457 753 3551 ἀλλφ,
767 3457 821 3526 καὶ
834 3471 903 3538 τοῖς
915 3461 951 3526 έν
963 3455 1092 3551 Ἐφέσῳ

134 3569 335 3648 πραχθεῖσιν
349 3557 565 3650 Ἀλέξανδρος
584 3562 621 3628 έν
638 3566 684 3651 τῷ
701 3558 776 3628 τότε
793 3556 972 3648 εὐδοκίμει.

182 3677 311 3720 Amanus.
923 3675 940 3726 ³
