2678 3950
226 253 287 318 188
578 254 832 312 ΔΛΕΞΑΝΔΡΟΤ

224 414 284 482 τδυ
296 412 419 500 νεκρόν
433 414 495 480 τοῦ
510 411 667 502 όπάρχου
684 412 814 492 ἰδόντες
832 411 915 502 πρός
930 418 1000 482 τοῖν
1014 419 1186 501 πολεμίων

224 512 375 604 ἤλγησάν
392 540 428 582 τε
444 513 501 582 καὶ
518 513 788 602 καταδραμόντες
802 513 1029 592 ξυνάπτουσιν
1044 514 1098 584 ἐπ’
1120 513 1186 582 αόα

225 622 273 706 τῷ
292 615 403 702 μάχην
420 614 585 702 καρτερὰν
604 615 689 704 πρός
708 618 756 706 τῷ
774 615 923 708 γηλόφφ,
959 614 1022 704 ἤδη
1040 615 1105 701 γάρ
1123 617 1182 684 καὶ

223 711 439 803 Ἀλέξανδρος
457 721 543 802 ἔχων
561 715 643 795 τούς
667 713 736 785 άπδ
768 719 836 784 τῶν
859 721 973 785 ’ίππων
997 723 1180 804 καταβεβη·

225 818 325 897 κότας
347 814 465 898 πεζοός
482 815 565 905 πρὸς
582 819 628 908 τῷ
646 818 787 908 γηλόφῳ
804 809 856 903 ἦν.
884 820 942 885 καὶ
960 807 1053 886 οὗτοι
1072 822 1212 904 &mys-⁵

223 919 363 1006 νόμενοι
387 916 483 1004 μόγις
507 918 651 998 ἐξέωσαν
675 919 755 999 τούς
769 916 899 998 Ἰνδοδς
925 920 958 997 ἐς
982 917 1023 986 τά
1047 916 1110 1006 ὅρη
1128 920 1185 986 καὶ

225 1026 288 1089 τοῦ
313 1021 437 1105 νεκροῦ
467 1018 662 1106 ἐκράτησαν.

191 1134 207 1180 6
298 1118 511 1208 ’Ῥπερβαλοδν
537 1119 575 1188 δέ
600 1120 641 1190 τά
676 1118 739 1208 όρη
765 1118 985 1207 Ἀλέξανδρος
1020 1122 1054 1199 ἐς
1086 1120 1186 1189 πόλιν

224 1225 393 1308 κατῆλθεν
410 1211 433 1309 ᾖ
453 1219 558 1308 ὄνομα
581 1214 626 1306 ἦν
639 1220 822 1310 Ἀριγαῖον·
850 1221 907 1288 καὶ
929 1221 1056 1307 ταύτην
1080 1248 1184 1290 κατα-

225 1321 387 1411 λαμβάνει
405 1324 683 1410 ἐμπεπρησμένην
700 1319 769 1390 όπδ
793 1326 863 1389 τῶν
887 1322 1109 1390 ἐνοικούντων
1126 1324 1183 1390 καὶ
1198 1349 1225 1390 ιο

224 1423 304 1504 τους
321 1422 527 1512 άνθριόπους
545 1421 766 1510 πεφευγότας.
796 1424 947 1491 ἐνταῦθα
964 1422 1003 1491 δέ
1020 1422 1184 1510 ἀφίκοντο

225 1525 319 1617 αὐτῷ
331 1527 389 1593 καὶ
403 1530 440 1592 οί
450 1523 538 1611 ἀμφὶ
550 1523 723 1612 Κράτερον
735 1522 799 1604 ξδν
811 1529 853 1612 τῇ
869 1526 1018 1612 στρατιᾷ,
1032 1549 1184 1613 πεπραγ-

224 1628 336 1714 μένων
357 1631 453 1714 σφίσι
473 1625 677 1711 ξυμπάντων
697 1622 761 1692 ὅσα
773 1623 842 1692 όπδ
856 1629 917 1693 τοῦ
936 1626 1097 1711 βασιλέως
1113 1625 1185 1695 έτέ-

192 1740 332 1796 λταιιτο.
373 1724 499 1813 ταύτην
528 1725 592 1813 μέν
617 1725 658 1813 δὴ
686 1726 747 1813 τὴν
765 1725 874 1811 πόλιν,
897 1721 948 1793 ὅτι
968 1729 1005 1796 ἐν
1023 1729 1184 1818 ἐπικαίρῳ

224 1835 338 1919 χωρίῳ
367 1826 473 1895 ἐδόκει
498 1834 682 1915 οἰκεῖσθαι,
718 1829 894 1914 ἐκτειχίσαι
922 1853 959 1895 τε
984 1826 1183 1916 προστάσσει
1198 1855 1224 1895 15

225 1928 388 2018 Κρατέρῳ
409 1929 466 1994 καὶ
486 1929 671 2008 ξυνοικίσαι
697 1929 731 2006 ἐς
750 1926 857 2016 αὐτὴν
877 1927 958 2007 τοός
972 1954 1007 1996 τε
1028 1929 1184 2016 προσχά-

226 2055 307 2118 ρους
332 2025 405 2096 ὅσοι
431 2031 606 2098 ἐθελονταὶ
630 2030 687 2097 καὶ
711 2033 743 2096 εί
771 2027 814 2114 δη’
830 2055 919 2108 τινες
942 2027 1109 2117 άπόμαχοι
1125 2033 1184 2116 τῆς

226 2133 389 2219 στρατιάς.
430 2128 533 2209 αότδς
557 2129 596 2197 δέ
619 2127 808 2217 προόχοίρει
830 2133 889 2197 ἰ’να
913 2131 1185 2218 ξυμπεφευγέναι

225 2230 435 2300 ἐπυνθάνετο
465 2230 546 2310 τούς
579 2229 727 2309 πολλοὺς
753 2231 821 2298 τῶν
852 2228 958 2319 ταότη
992 2231 1182 2320 βαρβάρων.

226 2332 339 2402 ἐλθών
373 2330 412 2400 δέ
446 2330 530 2420 πρός
555 2357 587 2399 τι
612 2329 691 2419 ὅρος
721 2331 1088 2420 κατεστρατοπέδευσεν
1113 2331 1182 2400 ὑπὸ
1196 2361 1226 2401 ιο

223 2449 298 2514 ταῖς
324 2432 508 2517 ὑπωρείαις
534 2437 597 2502 τοό
624 2430 735 2519 ὅρους.

191 2545 207 2592 ⁸
301 2534 369 2604 Καὶ
390 2537 427 2602 έυ
445 2536 556 2626 τοότφ
575 2543 782 2622 Πτολεμαῖος
806 2531 961 2620 ὁΛάγου
980 2533 1185 2622 ἐκπεμφθεὶς

223 2634 286 2723 μὲν
311 2634 382 2704 άπὸ
405 2633 628 2723 Ἀλεξάνδρου
656 2638 690 2714 ἐς
716 2634 908 2726 προνομήν,
941 2634 1120 2723 προελδοδν
1146 2635 1185 2703 δὲ

224 2737 424 2823 προσωτέρω
457 2735 559 2815 αότδς
586 2736 649 2816 ξδν
676 2733 803 2820 ὀλίγοις
831 2733 875 2815 οἱς
903 2738 936 2816 ές
959 2736 1184 2823 κατασκοπήν,

224 2835 425 2922 ἀπαγγέλλει
434 2834 643 2926 Ἀλεξάνδρῳ
658 2838 749 2924 πυρὰ
759 2842 907 2906 κατιδεῖν
920 2840 989 2905 τῶν
1002 2837 1185 2926 βαρβάρων
1198 2863 1226 2905 ιο

192 2954 207 3001 9
226 2944 365 3005 πλείονα
381 2933 402 3022 ἢ
417 2939 453 3006 ἐυ
465 2943 513 3028 τῷ
526 2935 746 3024 Ἀλεξάνδρου
761 2939 984 3031 στρατοπέδῳ.
1019 2940 1075 3006 καὶ
1091 2938 1185 3007 Ἀλέ-

225 3037 367 3126 ξανδρος
384 3043 433 3125 τῷ
446 3038 509 3125 μὲν
529 3036 649 3123 πλήθει
668 3043 737 3106 τόν
751 3043 872 3124 πυρῶν
885 3033 1083 3126 ἠπίστησεν·
1100 3037 1187 3108 εἶναι

224 3139 311 3207 δέτι
328 3137 530 3226 ξυνεστηκός
552 3141 622 3206 τόν
643 3137 749 3228 ταότη
772 3138 956 3228 βαρβάρων
980 3139 1186 3229 αἰσθόμενος

223 3241 324 3328 μέρος
348 3237 411 3327 μέυ
433 3244 492 3328 της
518 3243 673 3329 στρατιάς
697 3236 806 3310 αὐτοῦ
828 3248 1019 3311 καταλείπει
1035 3241 1121 3328 πρός
1137 3247 1185 3334 τῷ

225 3339 294 3430 ὄρει
321 3339 365 3419 οδς
391 3339 483 3428 εἶχον
510 3344 893 3430 ἐστρατοπεδευμένους·
921 3339 1024 3422 αότδς
1043 3343 1081 3411 δὲ
1098 3342 1183 3410 άυα-
1198 3369 1224 3409 ιο

225 3440 340 3529 λαβὼν
363 3438 437 3509 ὅσοι
460 3441 675 3532 ἀποχρῶντες
700 3447 733 3523 ές
756 3435 798 3511 τδι
823 3442 1058 3533 ἀπηγγελμένα
1083 3445 1183 3530 ἐφαί-

222 3567 335 3629 νοντο,
363 3539 408 3622 οδς
433 3549 575 3633 πλησίον
601 3541 665 3632 ἥδη
692 3541 858 3630 άφεοόρων
883 3544 924 3612 τοὶ
950 3543 1056 3634 πυρά,
1089 3546 1184 3633 τριχῆ
