2590 3948
421 251 605 306 εαεεεειε
623 255 648 318 ι,
665 256 707 310 ιι.
726 257 766 306 ιε.
1013 252 1075 318 331

111 407 308 498 ἀναγράψαι
333 407 383 478 ὅτι
409 406 612 497 αἰσθόμενος
631 407 671 478 ού
690 410 851 499 βιύσιμον
869 408 951 480 ὄντα
970 409 1089 482 αύτδν*

108 510 327 599 Ἀλέξανδρος
347 515 380 591 ἐς
398 511 459 580 τόν
474 509 660 599 Εὐφράτην
674 511 826 599 ποταμόν
840 508 893 600 ᾔει
907 517 1076 602 ἐμβαλάν,

112 611 158 692 ὥς
185 611 318 700 ἀφανὴς
336 615 369 694 ἐξ
395 611 588 698 ἀνθρώπων
605 612 784 700 γενόμενος
803 615 999 702 πιστοτέραν
1015 617 1075 702 την

112 714 217 795 δόξαν
245 714 335 801 παρά
361 727 433 793 τοῖς
461 719 573 782 ἔπειτα
601 717 834 798 ἐγκαταλείποι
860 711 910 783 ὅτι
937 719 973 785 ἐκ
989 719 1075 784 θεοῦ

70 842 85 883 5
111 842 148 884 τε
174 814 266 906 αύτῷ
293 815 314 903 ἡ
339 816 468 900 γένεσις
494 815 617 902 ξυνέβη
643 815 700 883 καλ
719 812 809 903 παρά
826 814 931 896 θεούς
949 815 970 903 ἡ
989 814 1075 885 άπο-

111 915 266 1004 χάρησις.
322 915 486 1002 Ῥωξάνην
522 915 560 984 δὲ
594 913 655 1003 τὴν
696 932 843 1002 γυναῖκα
877 914 919 986 ού
956 924 1075 986 λαθεῖν

114 1017 263 1104 ἐξιόντα,
299 1015 384 1086 άλλά
417 1015 615 1104 εἰργόμενον
647 1017 713 1105 γάρ
740 1018 824 1105 πρὸς
851 1017 957 1106 αύτῆς
985 1021 1076 1088 ἐποι-

112 1118 269 1206 μοόξαντα
295 1125 405 1188 εἰπεῖν
431 1115 480 1186 ὅτι
498 1116 688 1205 ἐφθόνησεν
706 1116 772 1205 άρα
790 1116 883 1210 αύτῷ
902 1120 1000 1208 δόξης
1017 1124 1076 1207 τῆς

114 1223 148 1298 ἐς
166 1220 269 1304 άπαν,
289 1217 334 1298 ύς
359 1224 432 1310 θεῷ
459 1217 501 1306 δὴ
527 1221 748 1312 γεγενημένῳ.
793 1221 850 1289 καὶ
876 1226 981 1288 ταῦτα
1001 1222 1076 1307 ἐμοὶ

75 1348 100 1387 ιο
115 1320 161 1401 ὠς
178 1319 223 1408 μη
250 1317 388 1406 άγνοεῖν
415 1319 546 1406 δόξαιμι
570 1322 700 1407 μάλλον
727 1318 776 1390 ὅτι
802 1320 966 1408 λεγόμενά
986 1323 1075 1390 ἐστιν

114 1419 135 1511 ἢ
163 1421 208 1501 οἱς
235 1421 332 1490 πιστά
360 1424 393 1502 ἐς
420 1419 589 1509 ἀφήγησιν
615 1419 877 1512 άναγεγράφθω.

187 1523 358 1594 Ἐτελεύτα
389 1521 452 1609 μὲν
479 1523 519 1609 δὴ
543 1521 759 1611 Ἀλέξανδρος
784 1528 825 1612 τῇ
851 1522 991 1613 τετάρτη
1018 1526 1125 1596 καλ28

116 1624 238 1714 δεκάτη
256 1625 313 1692 καὶ
342 1625 502 1713 ἑκατοστῇ
526 1621 726 1711 Ὀλυμπιάδι
752 1626 807 1693 ἐπὶ
822 1623 983 1712 Ἡγησίου
1010 1622 1075 1711 άρ-

115 1753 231 1813 χοντος
254 1723 449 1812 Ἀθήνησιν·
486 1727 567 1812 ἐβίω
594 1725 633 1794 δέ
658 1724 724 1794 δύο
751 1727 807 1794 καὶ
824 1727 1001 1814 τριάκοντα
1019 1732 1076 1814 ἐτη

77 1850 102 1890 ιι
116 1827 172 1895 καὶ
201 1831 261 1895 τοῦ
293 1833 409 1913 τρίτου
439 1827 547 1913 μῆνας
579 1828 739 1914 ἐπέλαβεν
771 1823 877 1914 ὀκτά,
909 1826 955 1906 οἱς
989 1828 1077 1912 λέγει

111 1927 376 2016 Ἀριστόβουλος·
419 1929 614 2015 ἐβασίλευσε
633 1926 671 1996 δὲ
697 1927 828 1997 δύδεκα
846 1934 901 2015 ἐτη
919 1929 976 1998 καλ
994 1927 1076 2008 τούς

115 2027 201 2098 όκτύ
227 2028 370 2108 τούτους
397 2033 522 2117 μῆνας,
556 2028 596 2098 τό
627 2053 664 2098 τε
696 2032 792 2116 σῶμα
818 2029 993 2108 κάλλιστος
1018 2030 1076 2098 καὶ

115 2129 385 2218 φιλοπονώτατος
408 2131 466 2198 καὶ
482 2129 639 2211 ὀξύτατος
656 2128 720 2218 την
737 2130 876 2218 γνύμην
893 2131 1076 2218 γενόμενος

115 2233 171 2300 καὶ
185 2229 417 2318 ἀνδρειότατος
431 2233 488 2300 καὶ
501 2231 751 2317 φιλοτιμότατος
764 2233 821 2299 καί
835 2228 1075 2318 φιλοκινδυνό·

78 2367 103 2406 ιο
115 2358 211 2412 τατος
227 2333 284 2402 καί
300 2333 361 2400 τοῦ
379 2339 477 2400 θείου
497 2334 763 2418 ἐπιμελέστατος·
799 2325 934 2417 ἡδονάν
952 2331 990 2401 δέ
1007 2336 1075 2401 τῶν
1093 2353 1109 2402 2

115 2434 176 2521 μὲν
193 2433 420 2519 τοῦσώματος
439 2433 710 2520 ἐγκρατέστατος,
728 2434 797 2500 τάν
812 2431 849 2500 δέ
862 2439 921 2520 τῆς
939 2433 1076 2521 γνύμης

118 2538 258 2603 ἐπαίνου
276 2533 384 2620 μόνον
402 2530 663 2620 ἀπληστότατος·
704 2533 853 2613 ξυνιδεῖν
879 2533 917 2603 δὲ
940 2535 978 2604 τὸ
997 2535 1076 2605 δέον

117 2641 162 2704 ἐτι
188 2637 224 2702 ἐν
241 2639 288 2727 τῷ
309 2633 435 2721 άφανεῖ
450 2630 491 2702 δυ
509 2633 709 2722 δεινότατος,
735 2635 791 2702 καὶ
810 2637 931 2704 ἐκτῶν
950 2662 1075 2723 φαινο·

116 2737 227 2825 μένων
252 2736 289 2804 τό
308 2733 398 2814 εἰκός
416 2737 599 2824 ξυμβαλεῖν
619 2736 881 2824 ἐπιτυχέστατος,
908 2739 965 2806 καί
982 2738 1076 2819 τάξαι

78 2869 104 2913 ιε
117 2838 273 2925 στρατιὰν
285 2838 342 2906 καὶ
356 2835 491 2906 ὁπλίσαι
503 2863 539 2906 τε
552 2837 608 2906 καὶ
621 2840 782 2926 κοσμῆσαι
792 2840 1073 2927 δαημονέστατος·

116 2941 171 3008 καὶ
188 2938 248 3007 τδν
264 2939 379 3027 θυμόν
396 2951 466 3018 τοῖς
485 2938 699 3028 στρατιάταις
718 2941 836 3030 ἐπᾶραι
855 2940 911 3007 καλ
927 2942 1074 3010 ἐλπίδων
1104 3019 1106 3024 ,

115 3040 254 3128 άγαθῶν
281 3042 445 3127 ἐμπλῆσαι
470 3040 527 3107 καὶ
552 3038 590 3109 τό
618 3045 717 3127 δεῖμα
745 3043 781 3109 ἐν
806 3053 876 3120 τοῖς
901 3040 1074 3120 κινδύνοις

115 3146 160 3234 τῷ
193 3140 285 3210 άδεεῖ
316 3147 365 3234 τῷ
400 3134 507 3209 αύτού
545 3139 719 3229 άφανίσαι,
755 3141 930 3228 ξύμπαντα
966 3147 1074 3210 ταῦτα

116 3243 356 3330 γενναιότατος.
383 3244 440 3310 καλ
458 3234 523 3311 ούν
540 3244 596 3310 καὶ
611 3239 673 3312 ὅσα
691 3244 728 3309 έν
744 3245 790 3334 τῷ
805 3241 931 3330 άφανεῖ
941 3243 1073 3330 πρᾶξαι,
1091 3263 1106 3310 ε

78 3376 104 3415 ιο
117 3343 178 3424 ξύν
195 3351 339 3438 μεγίστην
356 3344 476 3432 θάρσει
493 3346 651 3433 ἔπραξεν·
678 3340 741 3411 ὅσα
757 3368 793 3411 τε
807 3343 943 3430 φθάσας
957 3342 1072 3433 ύφαρ-

116 3445 217 3514 πάσαι
242 3448 310 3514 τῶν
336 3451 518 3530 πολεμίων,
552 3445 634 3533 πρὶν
660 3445 717 3512 καὶ
749 3447 863 3513 δεῖσαί
886 3470 959 3512 τινα
986 3443 1072 3513 αύτδ

116 3544 159 3626 άς
192 3545 350 3634 ἐσόμενα,
382 3552 566 3634 προλαβεῖν
598 3543 802 3626 δεινότατος·
848 3547 906 3613 καὶ
937 3544 977 3612 τά
1012 3545 1074 3632 μέν
