2590 3948
464 245 649 299 εαιεεειε
668 249 694 312 ε,
712 250 752 302 νε.
1022 247 1086 313 285

119 397 139 472 ό
163 400 418 490 Ἀριστοβούλου
445 400 643 491 ἀνέγραψαν
666 401 751 472 οόδέ
774 432 822 484 τις
845 403 945 486 ἀλλος
970 403 1085 476 ὅντινα

9 546 18 570 2
122 505 239 574 ίκανδν
259 502 302 572 ἀν
319 532 368 584 τις
387 504 557 591 ποιήσαιτο
571 508 793 592 τεκμηριῶσαι
817 504 904 594 ὑπὲρ
925 511 994 575 τῶν
1015 535 1085 576 τοι·

9 651 18 688 χ
121 609 216 674 τόνδε,
247 612 308 674 καί
319 632 375 693 μοι
388 603 434 685 ιός
450 603 490 674 ού
507 604 606 674 τιστά
620 602 880 693 ἀναγεγράφθαι
897 607 1084 694 ἐξήρκεσεν.

119 705 194 774 ἀλλ’
221 708 332 776 ἐκεῖνα
350 705 416 795 ήδη
431 705 675 801 Ἀριστοβούλῳ
701 705 861 796 ἑπόμενος
886 709 1116 799 ξυγγράφω,3

9 856 15 894 ,
93 824 106 864 ⁵
119 811 225 875 θῦσαι
239 809 275 876 ἐν
289 813 469 898 Καρμανίᾳ
480 805 701 898 Ἀλέξανδρον
722 806 917 899 χαριστήρια
930 813 989 898 τῆς
1006 808 1081 879 κατ’

116 907 236 977 Ἰνδιν
261 915 358 995 νίκης
384 911 441 977 καὶ
467 907 556 996 ύπδρ
582 911 640 996 τῆς
659 912 825 996 στρατιάς,
853 909 903 979 ὅτι
920 908 1083 1000 ἀπεσώθη

117 1011 155 1077 ἐκ
182 1013 403 1098 Γαδρωσίων,
428 1011 486 1078 καὶ
511 1009 628 1095 ἀγῶνα
663 1013 833 1079 διαθεῖναι
858 1011 1023 1100 μουσικόν
1048 1039 1085 1082 τε

9 1151 14 1202 τ,
117 1110 175 1179 καὶ
193 1110 373 1198 γυμνικόν·
408 1110 587 1191 κατατάξαι
604 1109 642 1180 δὲ
660 1113 717 1180 καὶ
735 1115 931 1182 Πευκέσταν
951 1117 986 1194 ἐς
1003 1113 1085 1194 τούς

117 1209 422 1300 σωματοφύλακας,
440 1209 504 1298 ήδη
523 1211 586 1300 μὲν
607 1212 778 1298 ἐγνωκότα
792 1215 966 1302 σατράπην
980 1243 1084 1284 κατα·

13 1338 14 1343 ’
80 1332 104 1370 1⁰
117 1319 236 1399 στῆσαι
261 1319 320 1400 τῆς
347 1317 526 1399 Περσίδος,
555 1314 717 1382 ἐθέλοντα
741 1313 780 1382 δὲ
797 1314 863 1404 πρό
881 1318 940 1403 τῆς
959 1337 1083 1402 σατρα-

118 1421 214 1493 πείας
235 1414 319 1502 μηδὲ
335 1413 458 1501 ταύτης
475 1419 535 1501 τῆς
552 1417 645 1502 τιμής
663 1415 720 1483 καὶ
739 1423 882 1497 πίστεως
900 1415 1084 1506 ἀπείρατον

9 1575 32 1610 ,.
118 1513 218 1602 εἶναι,
237 1517 292 1584 ε’πὶ
309 1517 355 1606 τῷ
375 1517 411 1584 ἐν
425 1523 580 1595 Μαλλοῖς
595 1522 697 1608 ἔργῳ·
725 1515 812 1586 εἶναι
829 1517 867 1586 δὲ
885 1514 979 1610 αύτῷ
999 1517 1081 1588 ἑπτά
1100 1541 1117 1590 4

9 1695 10 1698 ,
118 1623 169 1696 είς
186 1613 261 1684 τότε
275 1616 574 1704 σωματοφύλακας,
593 1615 946 1706 ΛεοννάτονἈντίου,
963 1619 1084 1705 Ἡφαι-

9 1706 14 1818 ,
118 1723 245 1785 στίωνα
276 1715 337 1785 τόν
360 1712 574 1806 Ἀμύντορος,
602 1726 800 1806 Λυσίμαχον
825 1713 1083 1808 Ἀγαθοκλέους,

9 1885 12 1918 ,
79 1834 104 1876 1⁵
114 1817 332 1907 Ἀριστόνουν
346 1825 520 1906 Πεισαίου,
539 1817 680 1898 τούτους
693 1819 756 1906 μὲν
771 1829 974 1910 Πελλαίους,
993 1831 1084 1910 Περ-

117 1925 242 1988 δίκκαν
268 1918 307 1987 δὲ
321 1918 478 2008 Ὀρόντου
507 1922 545 1988 ἐκ
569 1923 627 2007 τῆς
646 1918 845 2010 Ὀρεστίδος,
872 1931 1084 2010 Πτολεμαῖον

9 2089 11 2098 ,
117 2021 157 2090 δὲ
183 2019 245 2089 τόν
272 2019 387 2107 Λάγου
420 2021 477 2089 καὶ
503 2028 666 2092 Πείθωνα
692 2021 848 2110 Κρατεύα
870 2020 1082 2113 Ἐορδαίους·

113 2121 240 2209 ὄγδοον
258 2121 297 2190 δὲ
314 2124 559 2209 προσγενέσθαι
575 2121 691 2202 αὐτοῖς
705 2125 902 2194 Πευκέσταν
918 2123 979 2194 τόν
989 2123 1083 2194 Ἀλε-

9 2293 10 2302 ,
115 2222 266 2310 ξάνδρου
292 2221 578 2312 ὑπερασπίσαντα.

9 2321 10 2326 ’
77 2333 122 2388 20'
192 2323 249 2394 Ἐν
280 2324 389 2416 τούτῳ
422 2324 460 2392 δὲ
491 2326 548 2392 καὶ
581 2325 734 2413 Νέαρχος
764 2324 988 2413 περιπλεύσας
1020 2325 1116 2414 τήνσ

9 2421 10 2424 ¹
104 2426 225 2513 Ὥρων
251 2451 287 2494 τε
312 2426 369 2494 καὶ
389 2431 593 2512 Γαδρωσίων
615 2431 681 2512 γῆν
698 2427 755 2493 καὶ
772 2424 835 2512 τήν
850 2424 1085 2514 Ἰχθυοφάγων

114 2532 263 2614 κατῆρεν
282 2529 315 2606 ἐς
332 2528 393 2612 τής
412 2532 610 2614 Καρμανίας
626 2527 668 2594 τά
696 2525 782 2617 πρός
798 2527 977 2596 θάλασσαν
1004 2527 1084 2620 φ’κι-

116 2629 242 2716 σμένα·
277 2633 379 2696 ἔνθεν
406 2627 444 2696 δὲ
468 2627 625 2714 ἀνελθών
652 2627 717 2696 οὐν
735 2625 862 2716 ὀλίγοις
878 2627 1084 2723 Ἀλεξάνδρῳ

115 2729 300 2817 ἀπήγγειλε
325 2726 367 2796 τά
399 2725 484 2817 ἀμφὶ
515 2729 575 2798 τὸν
600 2736 786 2818 περίπλουν
812 2728 873 2798 τόν
899 2732 1083 2820 γενόμενον

74 2853 100 2893 25
115 2828 213 2922 αὐτῷ
231 2827 316 2898 κατά
332 2827 393 2916 τήν
411 2833 473 2911 ἔξω
490 2829 676 2899 θάλασσαν.
702 2833 825 2900 τοῦτον
842 2831 904 2920 μὲν
919 2831 960 2920 δή
977 2848 1083 2902 ’κατα-
1101 2856 1116 2904 ο

114 2933 241 3020 πέμπει
268 2921 369 3010 αὖθις
398 2931 700 3020 ἐκπεριπλεύσοντα
727 2937 801 3001 ἔστι
827 2933 882 3002 ἐπὶ
908 2931 971 3022 τήν
990 2945 1083 3005 Σου-

116 3035 248 3102 σιανῶν
283 3058 318 3100 τε
353 3035 419 3119 γήν
459 3032 516 3100 καὶ
547 3037 608 3101 τοῦ
650 3040 812 3120 Τίγρητος
844 3041 998 3122 ποταμοῦ
1024 3035 1083 3117 τάς

114 3133 278 3223 ἐκβολάς·
305 3130 395 3214 ὅπως
413 3132 451 3202 δὲ
470 3132 639 3222 ἐπλεύσθη
654 3131 748 3226 αύτῷ
761 3134 803 3203 τὰ
817 3133 883 3204 ἀπὸ
898 3141 960 3204 τοῦ
970 3136 1083 3206 Ἰνδοῦ

113 3235 271 3322 ποταμοῦ
306 3235 361 3304 ἐπὶ
386 3233 448 3321 τήν
472 3233 649 3304 θάλασσαν
675 3232 738 3321 τήν
765 3235 935 3324 Περσικήν
961 3237 1017 3305 καὶ
1043 3235 1080 3305 τό

73 3371 99 3411 εο
114 3335 224 3424 στόμα
250 3339 312 3404 τοῦ
343 3342 513 3424 Τίγρητος,
539 3341 646 3404 ταῦτα
673 3341 745 3426 ίδίᾳ
772 3331 960 3425 ἀναγράψω
986 3335 1079 3430 αύτῷ

113 3436 263 3526 Νεάρχῳ
292 3435 463 3524 ἑπόμενος,
492 3434 537 3516 ὡς
563 3439 620 3506 καὶ
646 3436 747 3523 τήνδε
772 3437 859 3507 εἶναι
883 3435 970 3529 ὑπὲρ
986 3433 1080 3508 Ἀλε-

112 3537 264 3627 ξάνδρου
288 3531 480 3625 Ἑλληνικήν
506 3539 715 3628 ξυγγραφήν.
753 3543 858 3608 ταῦτα
884 3539 947 3627 μὲν
973 3540 1015 3628 δή
1043 3543 1080 3610 ἐν
