2590 3948
230 221 292 286 318
582 219 832 277 εεεεεεεεοε

230 379 289 448 τὸν
315 379 417 464 λόγον
436 381 473 448 ἐν
490 377 553 465 μὲν
569 383 616 470 τῷ
634 378 707 446 τότε
725 375 949 465 ἀμεληθῆναι·
980 375 1133 467 ὕστερον
1151 379 1209 465 δέ,

233 479 344 566 ἐπειδή
380 479 590 565 ἐτελεύτησεν
624 481 660 547 ἐν
685 485 867 568 Βαβυλῶνι
889 477 1131 567 Ἀλέξανδρος,
1170 483 1208 560 ἐς

230 580 365 670 μνήμην
383 583 497 652 ἐλθεῖν
514 583 583 648 τῶν
600 579 834 667 ἀκουσάντων,
851 579 902 649 ότι
920 582 976 650 ἐπὶ
993 584 1035 669 τή
1054 587 1207 670 τελευτῇ

231 681 297 772 ἀρα
322 686 365 771 τῇ
388 680 610 766 Ἀλεξάνδρου
638 681 809 770 ἐθειάσθη.

186 789 222 853 19
310 782 522 868 Παρελθόντι
554 781 586 850 δ’
623 781 716 870 αότηῑ
745 785 778 862 ές
804 784 996 870 Βαβνλοῖνα
1022 791 1230 872 πρεσβεῖαιε

233 884 323 972 παρά
336 886 406 952 τάν
416 882 582 971 Ἑλλήνων
597 884 766 971 ἐνέτυχον,
783 880 871 972 ύπέρ
885 882 973 951 ὅτων
985 883 1049 971 μὲν
1064 887 1205 954 ἕκαστοι
1272 903 1273 972 j

233 983 515 1073 πρεσβευσάμενοι
532 983 595 1053 οόκ
613 983 877 1074 ἀναγέγραπται·
905 990 1017 1054 δοκεῖν
1031 983 1063 1053 δ’
1085 991 1205 1072 ἔμοιγε

233 1091 271 1156 αί
295 1088 417 1154 πολλαὶ
443 1085 703 1171 στεφανούντων
728 1113 764 1156 τε
789 1082 896 1155 αύτδν
919 1075 1005 1171 ἦσαν
1023 1087 1080 1154 καὶ
1101 1089 1202 1154 ἐπαι·
1272 1147 1273 1184 ἒ

233 1186 388 1256 νούντων
415 1187 470 1255 ἐπλ
486 1203 560 1266 ταῖς
577 1194 686 1266 νίκαις
702 1201 776 1266 ταῖς
794 1213 829 1255 τε
846 1185 960 1266 ἀλλοις
978 1187 1034 1256 καὶ
1052 1186 1202 1275 μάλιστα

232 1286 481 1375 ταῐςἹνδικαίς,
494 1289 552 1356 καὶ
566 1285 617 1356 ότι
630 1291 715 1367 σύος
730 1290 762 1369 ἐξ
768 1286 886 1356 Ἰνδῶν
897 1287 1053 1375 ἐπανήκει
1066 1297 1202 1378 χαίρειν
1213 1313 1233 1352 ιο

112 1415 116 1426 ·
233 1387 444 1478 φασκόντων.
496 1390 552 1458 καλ
577 1386 721 1468 τούτους
738 1387 980 1476 δεξιωσάμενός
1005 1415 1041 1458 τε
1066 1391 1127 1459 καὶ
1155 1391 1198 1460 τά
1272 1415 1273 1464 1

199 1503 214 1550 2
233 1491 345 1562 εἰκότα
362 1489 499 1578 τιμήσας
517 1489 710 1577 ἀποπέμψαι
729 1487 837 1558 ὀπίσω
854 1491 993 1576 λέγεται.
1038 1487 1144 1572 ὅσους
1162 1492 1200 1560 δὲ

232 1591 436 1682 ἀνδριάντας
461 1587 482 1677 ή
510 1588 572 1659 ὅσα
598 1588 773 1678 ἀγάλματα
798 1586 819 1679 ή
845 1597 878 1660 εί
898 1591 941 1677 δή
958 1619 988 1660 τι
1004 1589 1089 1660 ἀλλο
1108 1591 1199 1662 ἀνά·
1272 1599 1273 1680 ἢ

231 1705 325 1782 θημα
358 1695 394 1761 ἐκ
419 1694 478 1779 τῆς
493 1689 650 1771 Ἑλλάδος
667 1693 791 1780 Ξέρξης
809 1690 1006 1780 ἀνεκόμισεν
1026 1696 1059 1772 ἐς
1077 1702 1199 1787 Βαβυ·
1272 1711 1273 1794 ζ

232 1799 325 1862 λωνα
341 1790 364 1878 ή
382 1795 416 1872 ἐς
437 1793 662 1880 Πασαργάδας
680 1789 700 1880 ή
720 1795 753 1872 ές
773 1797 892 1862 Σοῦσα
908 1789 929 1880 ή
948 1790 1121 1884 όπηάλλῃ
1140 1799 1199 1882 τῆς
1211 1822 1232 1859 ιι
1272 1795 1273 1872 ί

229 1893 355 1981 Ἀσίας,
382 1897 488 1961 ταῦτα
515 1898 636 1962 δοῦναι
653 1891 747 1980 ἀγειν
764 1910 835 1974 τοῖς
853 1895 1024 1983 πρέσβεσι·
1060 1897 1120 1964 καὶ
1139 1896 1199 1978 τάς
1272 1903 1273 1972 λ

229 1989 408 2083 Ἀρμοδίου
442 1995 499 2062 καὶ
521 1993 798 2082 Ἀριστογείτονος
825 1995 957 2076 εἰκόνας
983 1995 1043 2075 τὰς
1069 2001 1200 2082 χαλκᾶς
1272 1991 1273 2030 ¹

232 2091 320 2164 οὕτω
355 2095 484 2180 λέγεται
519 2093 747 2182 ἀπενεχθῆναι
772 2094 880 2165 ὀπίσω
907 2099 940 2176 ἐς
964 2095 1111 2182 Ἀθήνας
1140 2102 1199 2168 καὶ

232 2200 291 2285 της
315 2191 501 2286 Ἀρτέμιδος
526 2199 583 2284 τῆς
609 2204 777 2277 Κελκαίας
801 2195 839 2265 τδ
867 2199 950 2277 ἕδος.
1272 2183 1273 2212 ¹

198 2311 214 2360 θ
307 2300 478 2386 Κατέλαβε
505 2297 543 2366 δέ
570 2299 607 2367 ἐν
632 2301 829 2387 Βαβυλῶνι,
864 2297 909 2378 οδς
935 2299 1022 2386 λέγει
1044 2299 1196 2389 Ἀριστό-
1210 2328 1233 2366 ει
1272 2373 1273 2376 ¹

231 2405 372 2488 βουλος,
404 2401 461 2468 καὶ
486 2398 525 2468 τό
551 2399 723 2488 ναυτικόν,
755 2398 792 2468 τό
818 2398 881 2486 μεν
911 2400 995 2468 κατά
1027 2400 1090 2470 τόν
1123 2400 1197 2471 Et}-

232 2501 365 2590 φράτην
392 2501 542 2589 ποταμὸν
568 2498 823 2580 ἀναπεπλευκὸς
847 2499 912 2569 ἀπὸ
936 2501 1112 2589 θαλάσσης
1138 2511 1198 2590 τῆς
1272 2527 1273 2588 χ

233 2607 420 2692 Περσικῆς,
453 2599 472 2670 ό
505 2630 537 2669 τι
563 2627 624 2689 περ
652 2600 718 2670 σύν
744 2601 889 2693 Νεάρχῳ
921 2593 979 2689 ήν·
1019 2601 1058 2671 τό
1093 2603 1133 2673 δὲ
1162 2607 1198 2673 ἐκ

234 2710 392 2789 Φοινίκης
419 2700 734 2790 ἀνακεκομισμένον,
761 2703 933 2791 πεντήρεις
955 2703 1018 2792 μὲν
1044 2703 1108 2774 δύο
1126 2709 1198 2774 τῶν

234 2806 270 2871 ἐκ
285 2810 466 2889 Φοινίκων,
484 2802 649 2891 τετρήρεις
668 2803 706 2871 δὲ
724 2817 823 2892 τρεῖς,
841 2803 984 2892 τριήρεις
998 2803 1037 2872 δὲ
1050 2803 1196 2894 δυόδεκα,
1210 2833 1234 2873 ιε

232 2902 488 2992 τριακοντόρους
506 2901 545 2972 δέ
563 2906 596 2984 ἐς
613 2904 809 2991 τριάκοντα·
847 2904 971 2986 ταύτας
989 2908 1198 2994 ξυντμηθεί·

233 3025 294 3085 σας
320 3009 520 3092 κομισθῆναι
540 3003 594 3072 ἐπὶ
611 3005 671 3073 τδν
689 3004 875 3093 Εὐφράτην
892 3007 1042 3094 ποταμόν
1062 3009 1099 3076 ἐκ
1118 3018 1198 3078 Φοι-

232 3113 330 3194 νίκης
346 3110 379 3186 ἐς
391 3105 553 3187 Θάψακον
566 3104 677 3195 πόλιν,
693 3110 763 3176 ἐκεῖ
774 3105 812 3175 δὲ
826 3109 1078 3195 ξυμπηχθείσας
1093 3103 1198 3191 αὖθις

200 3229 215 3275 ε
232 3209 461 3278 καταπλεῦσαι
488 3209 521 3287 ἐς
538 3211 739 3296 Βαβυλῶνα.
784 3208 872 3294 λέγει
897 3206 935 3277 δὲ
953 3205 1004 3277 ὅτι
1020 3211 1076 3278 καὶ
1096 3209 1198 3293 ἀλλος

233 3305 324 3402 αύτῷ
345 3312 563 3395 ἐναυπηγεῖτο
582 3309 698 3388 στόλος
715 3308 869 3395 τέμνοντι
884 3308 945 3389 τάς
962 3319 1198 3399 κυπαρίσσους
1211 3341 1234 3380 ιο

232 3412 292 3490 τὰς
312 3413 348 3478 ἐν
365 3411 406 3496 τῇ
422 3415 642 3498 Βαβυλωνίᾳ·
669 3409 800 3477 τούτων
817 3409 883 3498 γάρ
900 3410 1016 3498 μόνων
1034 3417 1103 3482 τόν
1117 3415 1199 3484 δέν·
1272 3425 1273 3502 ή

234 3515 325 3598 δρων
350 3507 514 3598 εὐπορίαν
542 3507 629 3578 εἶναι
656 3512 693 3579 ἐν
718 3512 759 3598 τῇ
786 3510 880 3603 χύρςι
905 3515 974 3581 τῶν
994 3511 1201 3606 Ἀσσυρίων,
1272 3503 1273 3506 ¹
