2678 3950
229 241 294 306 244
549 267 552 296 ι
578 236 835 299 ΑΛΕΞΑΝΔΡον

229 429 266 472 τε
292 399 311 471 ό
337 407 397 490 τῆς
422 395 550 489 ὁμόρου
573 397 732 490 Ἀβισάρῃ
765 397 875 488 χώρας
906 397 1057 487 ὕπαρχος
1089 397 1193 468 καλό

230 501 376 590 άδελφδς
399 500 576 591 Ἀβισάρου
603 501 660 570 καὶ
685 506 722 570 οἱ
750 500 845 569 ἄλλοι
870 505 1004 587 οίκείοι,
1038 499 1130 589 δῶρά
1155 527 1194 569 τε

231 611 418 692 κομίζοντες
449 601 471 670 δ
503 604 640 690 μέγιστα
671 597 752 689 παρ’
776 598 897 681 Ἰνδοῖς
919 602 975 670 καὶ
1001 600 1082 682 τούς
1109 599 1190 690 παρ’

228 702 404 795 Ἀβισάρου
424 705 618 792 ἐλέφαντας,
645 699 793 791 άριθμδν
820 705 853 782 ἐς
878 703 1071 792 τριάκοντα·
1102 701 1192 788 Ἀβν

232 805 341 893 σάρην
365 804 432 896 γάρ
457 805 549 897 νόσῳ
567 801 737 873 ἀδύνατον
754 805 915 890 γενέσθαι
933 806 1057 873 ἐλθεῖν.
1092 806 1221 886 ξοντ’-5

231 914 349 994 βαινον
375 907 414 976 δὲ
438 906 567 986 τούτοις
593 906 650 974 καὶ
668 910 704 974 οί
726 903 806 993 παρ’
823 903 1043 993 Ἀλεξάνδρου
1070 909 1190 993 ἐκπεμ-

198 1020 216 1069 5
233 1009 375 1096 φθάντες
385 1009 536 1096 πρέσβεις
545 1005 631 1093 πρδς
641 1001 830 1094 Ἀβισάρην.
847 1009 904 1075 καὶ
917 1012 1024 1075 ταῦτα
1038 1004 1079 1074 ού
1093 1015 1194 1094 χαλε·

233 1114 304 1190 πῶς
330 1107 512 1188 πιστεύσας
537 1107 646 1188 οὕτως
675 1115 760 1196 ἔχειν
774 1105 931 1196 Ἀβισάρῃ
957 1134 994 1176 τε
1010 1113 1068 1194 τῆς
1086 1107 1193 1176 αύτού

233 1209 344 1300 χόρος
362 1207 583 1298 σατραπεύειν
602 1215 706 1278 ἔδωκε
719 1211 775 1278 καὶ
786 1204 950 1296 Ἀρσάκην
962 1215 1006 1297 τῇ
1017 1206 1193 1297 Ἀβισάρου

234 1315 424 1400 ἐπικρατείᾳ
450 1313 655 1398 προσέθηκε·
695 1312 752 1379 καὶ
770 1309 897 1397 φόρους
924 1306 1079 1389 οὕστινας
1093 1309 1194 1379 άποί-
1209 1341 1235 1380 ιι
1322 1387 1323 1400 ῃ

233 1433 332 1482 σονσι
356 1412 455 1494 τάξας
480 1410 559 1481 θύει
584 1403 630 1478 αύ
656 1412 712 1479 καὶ
742 1413 796 1478 ἐπὶ
814 1414 860 1502 τῷ
874 1409 1027 1500 Ἀκεσίνῃ
1046 1415 1194 1503 ποταμῷ.

233 1514 289 1581 καὶ
307 1511 370 1583 τόν
386 1508 560 1598 Ἀκεσίνην
579 1503 624 1579 αύ
644 1511 762 1599 διαβάς
782 1512 836 1580 ἐπὶ
848 1511 1089 1599 τόνὙδάσπην
1102 1505 1194 1600 ἧκεν,

233 1619 292 1683 ἵνα
310 1617 368 1683 κοιλ
387 1619 457 1682 τῶν
476 1612 607 1681 πόλεων
625 1618 683 1700 τῆς
701 1640 737 1681 τε
751 1620 897 1693 Νικαίας
910 1613 966 1680 καὶ
983 1618 1053 1681 τῷν
1065 1623 1194 1684 Βουκε-

234 1714 353 1803 φάλων
379 1714 443 1782 ὅσα
468 1711 553 1802 πρός
579 1719 648 1782 τῶν
675 1713 813 1802 ὄμβρων
838 1713 1049 1802 πεπονηκότα
1070 1707 1114 1800 ἦν
1131 1714 1195 1796 ξύν

233 1822 276 1905 τῇ
303 1820 439 1906 στρατιᾷ
467 1813 669 1884 ἐπεσκεύασε
695 1817 752 1884 καὶ
777 1813 818 1884 τά
844 1814 930 1884 ἄλλα
956 1814 997 1884 τά
1023 1815 1107 1884 κατά
1134 1815 1197 1905 την
1210 1847 1236 1886 ιε

234 1915 347 2005 χάραν
374 1916 512 2005 ε’κόσμει.

614 2065 816 2074 ————

571 2247 867 2331 APPIANOY

365 2415 680 2493 ΑΝΑΒΑΣΕΩΣ
715 2415 1069 2497 ΑΛΕΞΑΝΔΡΟΥ

562 2585 714 2638 BIBAION
734 2585 865 2637 ΕΚΤΟΝ.

202 2732 220 2795 1.
308 2723 526 2814 Ἀλέξανδρος
543 2727 593 2812 δέ,
621 2724 734 2812 ἐπειδη
762 2727 1087 2816 παρεσκευάσθησαν
1104 2725 1197 2819 αύτῷ

236 2829 292 2896 ε’πλ
323 2830 383 2895 τοῦ
409 2825 575 2896 Ὑδάσπου
608 2841 682 2907 ταῖς
719 2825 836 2914 ὄχθαις
863 2831 988 2897 πολλαὶ
1014 2829 1077 2916 μὲν
1102 2857 1196 2918 τρια·

235 2927 387 3015 κόντοροι
404 2929 460 2996 καὶ
473 2925 629 3014 ἡμιόλιαι,
648 2927 755 2995 πολλοὶ
774 2928 883 2996 δὲκαὶ
904 2929 1083 3016 ἱππαγωγά
1096 2938 1197 2998 πλοῖα

235 3031 293 3097 καὶ
311 3027 395 3097 ἄλλα
412 3027 476 3098 ὅσα
494 3031 526 3107 ἐς
544 3027 775 3117 παρακομιδὴν
794 3036 947 3117 στρατιάς
973 3037 1111 3122 ποταμῷ
1138 3031 1196 3100 εύ-
1211 3063 1237 3102 νο

236 3155 334 3220 πορα,
361 3135 449 3216 ἔγνω
473 3137 655 3199 καταπλεῖν
686 3129 770 3198 κατά
795 3129 856 3199 τόν
877 3129 1046 3221 Ὑδάσπην
1072 3131 1118 3212 οἱς
1144 3131 1198 3201 ἐπὶ

202 3231 298 3318 ετην
323 3229 470 3318 μεγάλην
497 3231 685 3301 θάλασσαν.
737 3231 902 3321 πρότερον
934 3235 997 3321 μέν
1023 3261 1061 3320 με
1088 3237 1124 3302 ἐν
1150 3236 1200 3325 τῷ

232 3331 329 3424 Ἰνδῷ
356 3338 494 3423 ποταμῷ
512 3338 746 3421 κροκοδείλους
766 3332 860 3421 ίδιόν,
887 3333 983 3428 μόνῷ
1000 3341 1069 3403 τῷν
1087 3334 1198 3403 ἄλλων

237 3435 396 3520 ποταμῷν
422 3431 512 3521 πλὴν
539 3440 680 3522 Νείλου,
712 3433 796 3523 πρός
830 3434 868 3503 δὲ
893 3451 967 3517 ταῖς
993 3434 1111 3522 ὄχθαις
1137 3442 1198 3506 τοῦ

232 3531 406 3606 Ἀκεσίνου
433 3533 584 3624 κυάμους
602 3533 793 3623 πεφυκότας
811 3530 950 3618 όποίονς
967 3531 988 3624 ἡ
1006 3542 1049 3623 μῆ
1068 3539 1199 3626 ἐκφέρει
1212 3566 1238 3607 οε
