2590 3948
431 260 615 313 εεεεεεεε
633 263 663 326 τ,
680 264 706 313 ο.
725 263 749 313 τ.
1007 257 1068 323 297

107 419 215 509 ρισμῷ
240 416 346 488 αύτοῦ
367 423 496 506 ἔχαιρεν
511 416 741 507 Ἀλέξανδρος,
767 418 824 487 καὶ
843 423 879 488 οἱ
893 424 1070 504 Βακτρίων

107 517 146 587 δέ
179 520 235 587 καὶ
271 524 308 589 οἱ
332 522 531 604 Σογδιανῶν
556 520 613 587 καὶ
637 518 834 607 Ἀραχωτῶν
862 524 987 606 ἱππεῖς,
1012 519 1069 586 καὶ

109 625 299 707 Ζαραγγῶν
325 620 364 690 δέ
389 622 446 690 καὶ
470 619 606 708 Ἀρείων
631 622 688 689 καί
711 627 924 708 Παρθυαίων
949 621 1006 688 καὶ
1033 621 1070 688 έκ

110 727 252 809 Περσῶν
284 725 321 790 οί
349 719 480 794 Εὐάκαι
511 719 712 810 καλούμενοι
752 726 863 801 ἱππεῖς
894 728 1068 809 καταλοχι-

80 824 246 902 εσθέντες
273 829 322 902 είς
348 820 410 910 τὴν
436 828 541 893 ἵππον
568 821 630 910 τὴν
658 821 823 910 ἑταιρικὴν
851 820 923 891 ὅσοι
954 821 1070 890 αὐτῶν

106 920 186 990 κατ’
215 921 354 1004 ἀξίωσιν
379 924 436 992 καὶ
462 921 576 992 κάλλει
602 927 662 994 τού
690 925 842 1012 σώματος
867 920 888 1010 ἢ
915 927 957 1012 τῇ
985 921 1102 1012 ἀλληὶ

106 1018 210 1112 ἀρετῇ
229 1023 475 1112 ὑπερφέροντες
494 1028 685 1112 ἐφαίνοντο,
704 1025 760 1095 καλ
774 1028 902 1112 πέμπτη
922 1025 975 1094 ἐπὶ
988 1025 1070 1093 τού·-

105 1151 174 1205 τως
196 1131 359 1214 ἱππαρχία
378 1126 641 1214 προσγενομένη,
667 1125 709 1196 ού
727 1124 914 1214 βαρβαρικὴ
932 1124 954 1214 ἡ
969 1130 1070 1212 πᾶσα,

105 1224 193 1294 ἀλλά
209 1227 455 1314 ἐπαυξηθέντος
473 1225 538 1315 γάρ
561 1231 621 1296 τοῦ
636 1227 762 1308 παντός
784 1216 921 1296 ἱππικοῦ
934 1227 1071 1295 κατελέ-

66 1355 92 1395 ιο
106 1349 217 1414 γησαν
232 1330 265 1408 ές
288 1326 370 1396 αότό
388 1331 458 1396 τῶν
476 1328 669 1417 βαρβάρων,
688 1332 734 1420 τῷ
752 1355 787 1397 τε
805 1326 948 1415 ἀγήματι
965 1347 1072 1412 προσ-

107 1429 344 1514 καταλεγέντες
363 1429 495 1518 Κωωήν
514 1456 549 1498 τε
569 1427 587 1499 ὁ
614 1428 814 1518 Ἀρταβάζου
835 1430 892 1496 καὶ
911 1427 1072 1516 Ὑδάρνης

107 1531 165 1597 καὶ
185 1528 373 1618 Ἀρτιβόλης
391 1534 426 1599 οἱ
442 1537 609 1616 Μαζαίου,
629 1533 685 1600 καὶ
700 1537 840 1619 Σισίνης
860 1531 917 1598 καί
933 1534 1068 1617 Φραδα-

108 1630 230 1718 σμένης
241 1635 277 1700 οἱ
285 1632 530 1720 Φραταφέρνου
540 1634 600 1700 τού
613 1638 825 1720 Παρθυαίων
834 1628 1072 1718 καὶὙρκανίας

109 1731 284 1820 σατράπου
309 1737 438 1820 παῖδες,
464 1733 520 1802 καλ
535 1732 683 1822 Ἱστάνης
698 1732 882 1821 Ὀξυάρτου
900 1731 962 1820 μὲν
980 1745 1071 1818 παῖς,
1090 1736 1105 1786 5

68 1857 93 1897 1⁵
106 1832 270 1920 Ῥωξάνης
287 1833 326 1903 δέ
342 1837 401 1922 τῆς
419 1835 578 1920 γυναικός
592 1832 813 1921 Ἀλεξάνδρον
831 1828 987 1921 ἀδελφός.
1014 1834 1072 1902 καὶ

107 1933 311 2023 Αότοβάρης
337 1937 394 2004 καί
421 1934 439 2004 δ
458 1937 580 2004 τούτου
599 1934 745 2024 ἀδελφός
765 1941 989 2024 Μιθροβαῖος,
1016 1934 1073 2003 καὶ

106 2035 243 2123 ἡγεμῶν
259 2036 313 2105 έπὶ
326 2034 458 2117 τούτοις
472 2039 662 2117 ἐπισταθεὶς
672 2036 854 2126 Ὑστάσπης
869 2035 1072 2122 όΒάκτριος,

106 2138 166 2205 καί
179 2136 309 2217 τούτοις
323 2137 449 2220 δόρατα
459 2136 674 2209 Μακεδονικά
684 2138 762 2208 ἀντὶ
775 2142 845 2207 τῶν
858 2141 1073 2228 βαρβαρικῶν

108 2238 333 2326 μεσαγκύλων
367 2241 532 2328 δοθέντα,
566 2245 672 2308 ταῦτα
707 2240 817 2309 πάντα
853 2239 967 2308 ἐλύπει
992 2238 1073 2318 τούς

68 2361 95 2401 ²⁰
110 2339 328 2427 Μακεδόνας,
348 2335 394 2420 ῶς
411 2339 519 2429 πάντη
542 2341 583 2426 δὴ
610 2347 867 2428 βαρβαρίζοντος
885 2345 926 2428 τῇ
953 2340 1071 2428 γνάμη

105 2438 348 2530 Ἀλεξάνδρου,
386 2439 428 2509 τά
469 2441 507 2509 δέ
540 2439 759 2511 Μακεδονικά
792 2439 915 2527 νόμιμά
948 2466 983 2508 τε
1015 2441 1072 2508 καὶ

108 2539 237 2620 αύτούς
264 2540 468 2622 Μακεδόνας
496 2544 533 2611 έν
558 2541 668 2634 ἀτίμῳ
694 2539 788 2632 χάρη
815 2538 964 2627 ἄγοντος.

184 2639 399 2729 Ἀλέξανδρος
413 2641 452 2712 δέ
464 2645 522 2728 τῆς
535 2641 597 2730 μέν
607 2645 702 2730 πεζῆς
713 2643 867 2729 στρατιάς
876 2641 937 2727 τὴν
946 2641 1073 2729 πολλὴν
1089 2637 1107 2700 7

104 2744 337 2832 Ἡφαιστίωνα
356 2741 449 2830 ἀγειν
472 2743 601 2812 κελεύει
626 2751 700 2813 ἔστε
728 2744 783 2813 ἐπὶ
808 2741 870 2829 τὴν
895 2741 1073 2813 θάλασσαν

69 2864 95 2905 2⁵
110 2845 175 2933 την
201 2844 380 2932 Περσικήν.
420 2843 522 2925 αότός
546 2844 585 2913 δὲ
608 2843 883 2925 ἀναπλεύσαντος
901 2843 994 2938 αὐτῷ
1011 2849 1072 2915 τού

108 2950 273 3016 ναυτικοῦ
293 2949 326 3026 ές
342 2945 404 3034 τὴν
422 2951 575 3016 Σουσίαν
599 2948 664 3034 γῆν
685 2946 801 3034 έπιβάς
818 2951 888 3014 τῶν
904 2949 992 3016 νεῶν
1010 2947 1074 3028 ξύν

109 3063 182 3129 τοῖς
196 3045 422 3127 ὑπασπισταῖς
439 3073 474 3116 τε
490 3049 548 3115 καὶ
566 3050 612 3139 τῷ
631 3045 775 3136 ἀγήματι
788 3047 845 3115 καὶ
859 3053 929 3115 τῶν
944 3048 1073 3117 ἱππέων

110 3153 181 3216 τῶν
210 3151 352 3236 ἑταίρων
378 3145 668 3238 ἀναβιβασάμενος
695 3147 737 3218 ού
757 3147 904 3228 πολλούς
920 3150 1075 3218 κατέπλει

111 3247 195 3318 κατά
221 3249 282 3318 τόν
300 3248 453 3320 Εόλαῖον
479 3251 629 3337 ποταμὸν
648 3248 693 3330 ῶς
713 3251 766 3320 ἐπὶ
784 3250 971 3320 θάλασσαν.
1010 3248 1107 3336 ἦδηῖ

72 3373 98 3415 ιο
113 3349 151 3418 δέ
177 3357 319 3438 πλησίον
345 3346 394 3418 ῶν
417 3352 476 3438 τῆς
501 3354 639 3440 ἐκβολῆς
656 3355 716 3438 τῆς
735 3354 768 3432 ἐς
785 3350 845 3419 τόν
864 3351 990 3420 πόντον
1015 3349 1074 3429 τάς

112 3448 175 3536 μέν
202 3450 360 3531 πλείονάς
386 3477 422 3520 τε
448 3453 505 3520 καὶ
532 3459 762 3539 πεπονηκυίας
778 3455 848 3521 τῶν
864 3457 953 3520 νεῶν
970 3476 1073 3520 κατα-

112 3555 218 3618 λείπει
232 3549 355 3620 αύτοό·
381 3551 483 3632 αὐτὸς
497 3552 536 3622 δὲ
548 3566 621 3633 ταῖς
634 3552 776 3642 μάλιστα
789 3551 1074 3640 ταχυναυτούσαις
