2590 3948
399 235 584 288 εαεοιειε
602 239 630 300 τ,
650 239 689 288 16.
710 239 750 288 ιτ.
992 233 1056 299 315

92 394 182 476 εἰκὸς
208 394 303 474 τέλος
322 392 407 481 όράν
433 398 562 483 μακροῦ
589 401 667 479 βίον
694 392 778 482 μηδὲ
806 393 956 480 πρόσθεν
980 392 1054 462 τινά

92 494 286 581 ἀνθρώπων
312 493 512 582 ἀποφαίνειν
530 493 725 581 εὐδαίμονα.
779 497 850 564 ἐπεὶ
877 496 933 563 καὶ
961 491 1088 586 αάτῷε

88 595 298 688 Ἀλεξάνδρῳ
317 595 337 682 ἡ
353 595 597 683 Ἡφαιστίωνος
614 593 752 682 τελευτή
770 595 810 664 οά
829 593 950 683 σμικρά
969 596 1053 682 ξυμ-

92 696 182 785 φορά
215 697 392 785 γεγένητο,
430 687 468 784 ής
499 698 556 766 καὶ
588 695 691 776 αότός
721 695 938 782 Ἀλέξανδρος
970 721 1055 785 προ-

66 825 80 865 ο
94 806 257 867 απελθεῖν
275 794 318 866 ἀν
335 803 431 868 δοκεῖ
445 825 501 885 μοι
516 802 672 884 ἐθελήσαι
684 803 812 884 μᾶλλον
824 793 845 885 ή
859 803 924 881 ζῶν
937 822 1054 884 πειρα-

89 905 206 987 θῆναι,
241 898 283 968 οά
310 916 406 986 μεῖον
431 894 452 986 ή
477 900 534 967 καὶ
558 896 706 986 Ἀχιλλέα
733 903 823 968 δοκιά
850 895 892 968 ἀν
921 901 1055 978 ἑλέσθαι

91 1011 347 1088 προαποθανεῖν
374 1000 574 1088 Πατρόκλου
605 1003 735 1087 μᾶλλον
767 997 875 1088 ἢτοῦ
900 999 1053 1070 θανάτου

93 1101 191 1194 αὐτῷ
218 1100 366 1191 τιμωρόν
391 1103 559 1187 γενέσθαι.

163 1195 226 1273 Ἦν
244 1205 285 1273 δέ
300 1231 330 1271 τι
345 1204 402 1270 καὶ
419 1200 573 1271 ὕποπτον
591 1199 684 1294 αὐτῷ
703 1204 738 1282 ές
753 1199 834 1281 τοάς
850 1207 1053 1287 Χαλδαίους,
1067 1203 1101 1266 17

53 1337 77 1374 ιο
93 1304 139 1384 ἀς
167 1304 207 1372 οὐ
232 1304 316 1372 κατά
341 1311 501 1392 μαντείαν
518 1331 550 1372 τι
566 1307 695 1391 μᾶλλον
718 1297 739 1388 ἢ
759 1305 792 1382 ἐς
811 1297 976 1389 ἀφέλειαν
993 1302 1055 1390 τήν

92 1405 209 1475 νότων
227 1407 324 1494 φέροι
341 1403 459 1484 αὐτοῖς
485 1402 506 1491 ἡ
533 1405 679 1483 κάλυσις
705 1408 764 1490 τής
780 1403 1002 1492 Ἀλεξάνδρον
1021 1405 1055 1483 ές

91 1511 282 1594 Βαβυλῶνα
309 1509 346 1575 ἐν
371 1511 419 1597 τῷ
446 1504 521 1576 τότε
548 1505 700 1584 ἐλάσεως.
741 1503 844 1592 ὁγάρ
861 1510 923 1574 τοῦ
941 1504 1053 1590 Βήλου

92 1607 180 1688 νειδς
200 1609 237 1676 ἐν
254 1607 339 1694 μέση
357 1612 398 1696 τῇ
415 1608 509 1677 πόλει
522 1598 564 1694 ἦν
577 1613 646 1676 τῶν
659 1613 901 1694 Βαβυλωνίων,
920 1606 1056 1693 μεγέθει

91 1736 128 1778 τε
162 1710 315 1797 μέγιστος
346 1709 402 1776 καὶ
436 1711 472 1778 ἐκ
504 1716 653 1778 πλίνθου
687 1707 791 1794 ὀπτής
825 1709 862 1776 ἐν
894 1701 1054 1798 ἀσφάλτῳ

54 1843 79 1882 15
92 1810 315 1898 ἡρμοσμένης.
356 1814 476 1879 τοῦτον
493 1808 554 1878 τδν
570 1809 671 1895 νεών,
699 1807 809 1895 ὥσπερ
836 1810 893 1878 καὶ
910 1807 950 1876 τά
969 1807 1055 1876 ἀλλα
1072 1822 1087 1868 2

95 1912 168 1998 ίερά
195 1909 236 1979 τά
262 1917 510 2000 Βαβυλωνίων,
543 1912 666 1998 Ξέρξης
692 1911 910 1995 κατέσκαψεν,
937 1907 992 1978 ὅτε
1019 1912 1056 1978 ἐκ

91 2018 153 2099 τῆς
166 2008 326 2092 Ἑλλάδος
353 2009 461 2082 ὀπίσω
493 2010 735 2100 ἀπενόστησεν·
772 2007 990 2096 Ἀλέξανδρος
1017 2010 1056 2080 δέ

93 2117 131 2184 ἐν
157 2118 207 2204 νῷ
235 2111 323 2200 εἶχεν
348 2111 582 2200 ἀνοικοδομεῖν
608 2119 645 2182 οί
668 2112 731 2201 μὲν
758 2114 914 2197 λέγουσιν
933 2110 982 2180 ὅτι
1000 2112 1056 2180 ἐπὶ

91 2229 163 2295 τοῖς
190 2221 356 2301 θεμελίοις
374 2229 444 2294 τοῖς
461 2215 624 2302 πρόσθεν,
651 2216 708 2282 καὶ
733 2214 855 2282 τούτου
880 2212 1055 2282 ἕνεκατὸν

54 2347 79 2386 ιο
93 2321 179 2402 γοῦν
208 2317 340 2386 ἐκέλευε
366 2316 518 2403 ἐκφέρειν
544 2317 624 2396 τούς
651 2320 909 2402 Βαβυλωνίους·
947 2319 983 2382 οί
1005 2313 1055 2400 δέ,

92 2415 142 2486 ὅτι
181 2417 237 2484 καὶ
276 2423 410 2504 μείζονα
443 2422 492 2486 ἔτι
523 2419 584 2485 τοῦ
617 2416 720 2484 πάλαι
752 2413 858 2493 ὄντος.
912 2415 984 2484 ἐπεὶ
1018 2414 1089 2484 δὲ3

93 2516 302 2597 ἀποστάντος
330 2515 437 2586 αάτοά
454 2522 637 2604 μαλθακῶς
656 2514 856 2603 ἀνθήψαντο
872 2519 935 2583 τοῦ
955 2522 1055 2602 ἐργου

86 2612 145 2697 ,οἷς
159 2623 267 2686 ταῦτα
283 2619 515 2705 ἐπετέτραπτο,
531 2617 549 2685 ὁ
566 2617 605 2686 δὲ
619 2623 662 2706 τῇ
681 2618 819 2706 στρατιηῖ
827 2614 918 2705 πάση
929 2615 1057 2686 ἐπενόει

93 2718 131 2790 τό
160 2725 260 2806 ἔργον
287 2718 505 2807 ἐργάσασθαι.
548 2717 635 2788 εἶναι
661 2717 699 2786 δὲ
724 2720 770 2808 τῷ
794 2721 865 2808 θεῷ
890 2723 938 2808 τῷ
956 2718 1055 2810 Βήλῳ

56 2852 81 2892 τε
96 2822 224 2908 πολλήν
241 2820 304 2908 μὲν
322 2819 384 2908 τήν
401 2819 515 2907 χάραν
533 2818 711 2907 ἀνειμένην
730 2821 766 2886 ἐκ
783 2821 852 2887 τῶν
865 2817 1055 2906 Ἀσσυρίων

93 2923 271 3009 βασιλέων,
289 2921 399 2989 πολάν
418 2920 456 2989 δὲ
469 2919 606 3008 χρυσόν.
646 2922 703 2988 καὶ
722 2917 789 2988 ἀπὸ
807 2920 931 2989 τούτου
949 2921 1054 2991 πάλαι
1074 2937 1089 2984 4

94 3021 157 3108 μέν
183 3020 242 3091 τόν
272 3021 361 3090 νεάν
394 3021 665 3105 ἐπισκευάζεσθαι
690 3022 747 3089 καὶ
773 3019 832 3100 τάς
857 3029 982 3102 θυσίας
1007 3028 1055 3113 τῷ

94 3127 163 3214 θεῷ
180 3123 341 3194 θύεσθαι·
375 3122 452 3192 τότε
470 3122 508 3192 δέ
526 3122 606 3203 τούς
625 3128 816 3201 Χαλδαίους
832 3122 873 3190 τὰ
891 3129 952 3192 τοῦ
970 3127 1056 3192 θεοῦ

93 3225 271 3312 νέμεσθαι,
311 3220 375 3293 οόκ
407 3221 505 3304 ὄντος
544 3227 578 3304 ἐς
610 3224 630 3292 ὅ
661 3251 692 3292 τι
730 3219 984 3311 ἀναλωθήσεται
1014 3223 1056 3292 τὰ

57 3347 83 3390 το
97 3326 362 3414 περιγιγνόμενα.
397 3324 529 3394 τούτων
553 3323 595 3411 δή
614 3329 725 3394 εἵνεκα
740 3322 886 3394 ὕποπτοι
899 3322 1055 3403 Ἀλεξάν-

97 3429 167 3516 δρω
194 3417 280 3512 ἦσαν
306 3425 369 3496 οάκ
397 3427 526 3495 ἐθέλειν
552 3434 736 3512 παρελθεῖν
754 3435 834 3495 είσω
851 3430 1057 3514 Βαβυλῶνος

91 3521 323 3618 Ἀλέξανδρον,
347 3526 393 3608 ἀς
418 3525 463 3616 μή
493 3521 540 3596 δι’
566 3527 685 3614 ὀλίγον
714 3525 774 3596 τόν
799 3526 887 3596 νεάν
912 3530 1056 3598 ἐπιτελε-
