2650 3948
482 286 664 339 εαεειειτ
681 290 706 351 ι,
725 289 750 340 τ.
1045 286 1088 353 65

124 427 252 514 πέμπει
278 423 384 496 ὀπίσω
412 421 468 496 ε’πὶ
491 424 616 514 Ἰσσόν,
652 428 962 517 κατασκεψομένους
989 433 1021 498 εί
1046 426 1087 497 τά

124 529 212 597 ὄντα
226 529 463 614 ἐξαγγέλλεται.
492 534 526 597 οί
538 529 576 598 δέ
589 523 861 610 ἀναπλεύσαντες
874 536 916 620 τῇ
933 557 1086 620 τριακον-

125 630 237 721 τόρῳ,
270 627 321 699 ότι
337 628 512 716 κολπώδης
536 622 579 717 ἦν
596 628 617 717 ἡ
632 630 737 720 ταύτῃ
755 630 928 718 θάλασσα,
959 630 1088 719 μᾶλλόν

126 758 163 799 τι
180 728 328 811 εὐπετῶς
345 731 536 818 κατέμαθον
551 726 658 800 αὐτοῦ
673 731 995 821 στρατοπεδεύοντας
1007 731 1088 813 τούς
1137 759 1145 770 ’

93 856 115 897 -ι
129 832 281 921 Πέρσας·
321 832 378 900 καί
401 825 673 919 ἀπαγγέλλωσιν
693 830 901 926 Ἀλεξάνδρῳ
919 836 956 902 έν
973 834 1088 922 χερσὶν

129 931 218 1002 εἶναι
235 945 392 1021 Δαρείου.

203 1032 239 1104 Ὁ
257 1035 295 1102 δὲ
313 1037 519 1119 συγκαλέσας
537 1033 743 1121 στρατηγούς
759 1062 796 1104 τε
811 1036 868 1103 καὶ
883 1035 1017 1124 ἰλάρχας
1030 1035 1088 1104 καί
1105 1049 1122 1099 8

128 1139 200 1204 τών
229 1134 409 1223 ξυμμάχων
438 1134 520 1215 τούς
549 1129 714 1224 ἡγεμόνας
744 1135 922 1224 παρεκάλει
945 1147 1088 1227 θαρρεῖν

130 1236 195 1324 μὲν
219 1239 256 1305 έκ
278 1239 347 1304 τών
371 1233 436 1324 ἤδη
460 1243 555 1324 σφίσι
581 1241 690 1317 καλώς
707 1241 1016 1326 κεκινδυνευμένων
1032 1239 1089 1306 καὶ

90 1365 117 1404 ιο
131 1337 184 1406 ότι
215 1335 299 1425 πρός
321 1340 557 1425 νενικημένους
580 1331 599 1405 ό
623 1335 717 1424 ἀγών
740 1336 950 1425 νενικηκόσιν
973 1335 1089 1420 αὐτοῖς

131 1445 224 1507 ἔσται
247 1438 304 1507 καὶ
327 1437 377 1507 ότι
394 1436 412 1507 ό
428 1437 509 1518 θεός
526 1436 613 1527 ὑπὲρ
632 1443 729 1526 σφών
746 1453 925 1528 στρατηγεῖ
939 1437 1088 1526 ἄμεινον,

133 1541 189 1609 έπλ
205 1545 293 1608 νούν
310 1545 445 1632 Δαρείῳ
464 1535 601 1626 ἀγαγών
619 1543 792 1628 καθεῖρξαι
809 1538 871 1626 τὴν
888 1538 1034 1626 δύναμιν
1052 1542 1088 1608 έκ

130 1647 190 1728 τῆς
208 1637 418 1729 εὐρυχωρίας
436 1643 470 1720 ές
482 1639 522 1708 τά
537 1639 732 1729 στενόπορα,
750 1645 807 1710 ἵνα
821 1647 915 1728 σφίσι
927 1640 990 1729 μέν
1003 1639 1088 1728 ξύμ-

131 1767 255 1830 μετρον
278 1740 313 1809 τό
340 1747 464 1829 χωρίον
482 1738 667 1823 ἀναπτύξαι
682 1740 744 1828 τὴν
761 1742 935 1830 φάλαγγα,
963 1756 1032 1821 τοῖς
1050 1742 1089 1810 δὲ

94 1870 119 1908 ιι
132 1841 270 1931 ἀχρεῖον
286 1840 325 1910 τό
344 1848 474 1930 πλῆθος
493 1839 566 1930 [ὅτι]
586 1847 675 1911 ἔσται
691 1848 733 1931 τῇ
750 1841 850 1932 μάχη,
870 1842 948 1911 οὔτε
963 1841 1006 1910 τά
1020 1841 1088 1911 σώ-

132 1971 220 2033 ματα
237 1941 315 2013 οὔτε
331 1941 389 2023 τάς
406 1942 541 2033 γνώμας
558 1949 808 2032 παραπλησίοις.
836 1943 1037 2024 Μακεδόνας
1054 1971 1089 2013 τε
1105 1958 1130 2005 ⁴·

133 2043 199 2133 γάρ
213 2045 360 2133 Πέρσαις
373 2045 430 2112 καί
442 2043 585 2132 Μήδοις,
603 2046 639 2112 έκ
654 2044 744 2112 πάνυ
759 2050 887 2113 πολλού
904 2051 1089 2134 τρυφῶσιν,

134 2143 259 2226 αὐτούς
290 2148 327 2214 έν
357 2160 426 2225 τοῖς
456 2145 568 2226 πόνοις
592 2159 662 2225 τοῖς
686 2153 876 2234 πολεμικοῖς
900 2145 1002 2215 πάλαι
1024 2145 1089 2233 ἤδη

134 2245 215 2335 μετά
238 2244 408 2315 κινδύνοιν
426 2243 672 2334 ἀσκουμένους,
703 2246 812 2326 άλλως
829 2273 864 2316 τε
881 2247 938 2316 καὶ
955 2245 1090 2327 δούλοις

96 2375 122 2414 ω
135 2345 328 2434 ἀνθρώποις
353 2348 568 2435 ἐλευθέρους,
600 2349 633 2427 ἐς
662 2362 775 2436 χεῖρας
803 2345 908 2433 ἥξειν·
952 2346 1025 2416 ὅσοι
1055 2373 1090 2416 τε

126 2448 283 2535 Ἕλληνες
296 2447 463 2534 Ἕλλησιν,
488 2446 551 2536 οὐχ
567 2446 655 2535 ὑπὲρ
678 2454 748 2516 τών
771 2443 884 2517 αὐτῶν
901 2457 1089 2536 μαχεῖσθαι,

135 2548 221 2618 ἀλλά
233 2548 311 2628 τούς
324 2547 386 2635 μέν
399 2547 463 2630 ξύν
476 2555 595 2640 Δαρεί,
625 2549 680 2617 ἐπὶ
691 2555 803 2640 μισθῷ
816 2549 872 2616 καὶ
885 2546 968 2617 οὐδὲ
980 2547 1089 2640 τούτῳ

136 2655 247 2741 πολλῷ
273 2648 547 2729 κινδυνεύοντας·
580 2647 660 2729 τούς
687 2650 725 2718 δὲ
750 2648 812 2730 ξύν
838 2655 970 2738 σφίσιν,
1000 2646 1088 2734 ὑπὲρ

134 2758 191 2839 τῆς
203 2749 359 2830 Ἑλλάδος
374 2749 509 2830 ἑκόντας
523 2747 770 2838 ἀμυνομένους·
797 2749 977 2839 βαρβάρων
989 2777 1025 2819 τε
1043 2744 1089 2819 αὐ
1107 2762 1123 2814 ο

99 2879 124 2919 ει
137 2857 272 2942 Θρᾷκας
300 2851 356 2918 καὶ
379 2856 528 2930 Παίονας
551 2851 607 2918 καλ
628 2849 810 2941 Ἰλλυριούς
837 2852 892 2920 καὶ
913 2849 1089 2942 Ἀγριάνας

134 2950 212 3034 τούς
235 2950 503 3040 εὐρωστοτάτους
527 2978 561 3020 τε
578 2953 647 3020 τών
663 2951 746 3021 κατά
763 2952 826 3040 την
844 2950 1015 3041 Εὐρώπην
1033 2954 1090 3021 καί

135 3051 381 3142 μαχιμωτάτους
395 3051 479 3141 πρός
492 3049 532 3120 τά
547 3049 744 3121 ἀπονώτατά
756 3081 792 3123 τε
805 3053 861 3121 καί
870 3053 1090 3141 μαλακώτατα

134 3158 191 3243 της
210 3151 322 3234 Ἀσίας
344 3153 426 3241 γένη
450 3151 693 3235 ἀντιτάξεσθαι·
736 3155 790 3222 έπὶ
813 3153 851 3224 δὲ
871 3152 1090 3244 Ἀλέξανδρον

135 3252 404 3344 ἀντιστρατηγεῖν
413 3260 558 3346 Δαρείῳ.
576 3259 681 3322 ταύτα
693 3254 756 3341 μέν
770 3245 833 3323 οὖν
847 3257 880 3335 ἐς
895 3259 1089 3342 πλεονεξίαν
1107 3269 1125 3319 σ

101 3363 194 3426 ιοτού
217 3354 347 3444 άγώνος
372 3353 509 3444 ἐπεξῄει.
549 3353 590 3423 τά
613 3355 651 3424 δέ
675 3346 766 3424 ἀθλα
788 3354 838 3424 ότι
855 3355 981 3444 μεγάλα
999 3361 1091 3425 ἔσται

137 3465 229 3546 σφίσι
245 3463 307 3527 τοῦ
330 3455 493 3526 κινδύνου
512 3457 733 3526 ἐπεδείκνυεν.
777 3451 818 3524 ού
842 3455 907 3544 γάρ
930 3453 1010 3534 τούς
1029 3477 1091 3523 σα-

136 3559 260 3650 τράπας
277 3557 356 3639 τούς
371 3565 519 3648 Δαρείου
534 3559 571 3626 έν
583 3563 630 3648 τῷ
643 3555 717 3624 τότε
729 3555 915 3646 κρατήσειν,
934 3549 1016 3623 οὐδὲ
1028 3554 1091 3641 την

184 3678 312 3718 Anum.
921 3667 938 3718 δ
