2650 3948
201 183 245 246 40
408 189 411 198 ¹
556 180 807 241 ΔΛΕΞΔΝΔΡΟΤ

202 343 278 411 σαν,
303 318 358 392 ola
381 319 423 410 δὴ
445 318 509 394 οάκ
532 319 589 394 ἐπὶ
613 329 810 410 πολιορκίαν
828 320 990 410 σταλίντι,
1018 316 1094 390 ἄλλ’
1115 319 1161 401 ώς

202 423 259 495 ἐπί
285 427 449 515 προδοσίᾳ
475 419 691 513 ἐνδιδομένης
717 430 775 512 τῆς
802 422 943 511 πόλεως,
968 421 1160 512 προσήγαγε

202 527 259 595 καὶ
283 522 329 605 δίς
352 531 421 595 τών
443 524 654 598 Μακεδόνων
677 523 739 612 τὴν
763 523 937 613 φάλαγγα,
960 521 1161 612 ὑπορύττειν

202 625 364 707 κελεύσας
387 625 424 696 τό
450 640 565 715 τεῖχος.
607 628 663 696 καί
682 629 741 696 ἕνα
759 653 798 712 γε
822 625 955 715 πώργον
978 626 1161 712 κατέβαλον

169 732 239 797 τοί
260 726 488 808 Μακεδόνες·
511 724 551 796 οὐ
583 728 695 818 μέντοι
726 726 903 816 ἐγόμνωσί
925 753 964 814 γε
988 725 1026 795 τδ
1053 739 1160 814 τείχος
1185 760 1199 802 τ

204 827 331 898 πεσών·
350 829 460 898 καλοί
475 831 512 898 ἐκ
528 834 587 916 τῆς
605 828 733 909 πόλεως
748 827 817 918 ἅμα
835 825 1011 917 εὐρώστως
1029 824 1160 916 άμυνό·

203 953 298 1019 μενοι
310 932 366 999 καὶ
381 932 417 999 ἐκ
430 935 488 1018 τῆς
503 927 764 1019 Ἁλικαρνασσοῦ
782 929 866 1014 καγά
882 928 1060 998 θάλασσαν
1076 937 1161 997 πολ-

203 1033 256 1100 λοὶ
291 1031 357 1120 ἤδη
394 1031 727 1121 παραβεβοηθηκότες
765 1029 893 1120 ἄπορον
924 1032 1084 1118 ἐποίησαν
1113 1034 1161 1121 τῷ

199 1128 408 1226 Ἀλεξάνδρφ
438 1132 499 1220 τὴν
525 1130 741 1222 αὐτοσχέδιόν
772 1159 807 1202 τε
839 1132 896 1202 καὶ
923 1133 956 1214 ἐξ
984 1133 1162 1220 ἐπιδρομῆς

202 1234 388 1323 κατάληψιν
412 1240 471 1323 τῆς
495 1234 654 1306 Μόνδου.
693 1231 782 1304 οὕτω
798 1233 861 1323 μὲν
886 1231 928 1320 δὴ
950 1232 1162 1320 ἐπανέρχεται
1176 1237 1200 1307 ἰο

199 1331 414 1424 Ἀλέξανδρος
429 1334 532 1405 οὐδὲν
550 1335 676 1425 πράξας
695 1327 744 1403 τόν
759 1337 856 1404 ἕνεκα
870 1332 1028 1425 ώρμήθη,
1045 1333 1104 1402 καὶ
1118 1338 1161 1423 τῇ

204 1444 379 1529 πολιορκία
396 1443 455 1525 τῆς
469 1430 732 1525 Ἁλικαρνασσοῦ
750 1427 851 1516 αὖθις
869 1449 1034 1524 προσεῖχε.

170 1551 187 1602 8
279 1540 348 1610 Καὶ
365 1537 405 1608 τά
423 1543 539 1625 πρώτα
554 1537 617 1626 μὲν
630 1537 691 1625 τὴν
704 1536 833 1627 τάφρον
846 1535 867 1624 ἣ
880 1535 945 1626 πρδ
959 1542 1018 1624 τῆς
1035 1535 1163 1616 πόλεως

202 1633 377 1728 ὀρώρυκτο
404 1633 536 1726 αὐτοῖς,
573 1638 695 1720 πλάτος
725 1639 788 1727 μὲν
816 1637 993 1728 τριάκοντα
1021 1635 1162 1727 μάλιστα

203 1740 355 1827 πήχεων,
381 1738 488 1826 βάθος
513 1739 551 1810 δέ
574 1743 606 1821 ἐς
626 1745 880 1826 πεντεκαίδεκα,
908 1738 1073 1828 ἐχώννυε,
1099 1743 1161 1808 τοῦ
1177 1773 1202 1812 ιε

205 1844 330 1930 ῥᾳδίαν
355 1839 440 1910 εἶναι
461 1839 525 1928 την
551 1840 776 1929 προσαγωγὴν
802 1847 870 1910 τῶν
886 1867 922 1910 τε
939 1839 1080 1928 πύργων
1097 1836 1160 1928 ἀφ’

204 1933 254 2010 οἷν
263 1947 378 2030 ἔμελλε
386 1939 468 2022 τοός
481 1941 745 2032 άκροβολισμοός
760 1945 792 2022 ἐς
801 1941 878 2022 τούς
889 1940 1163 2029 προμαχομένους

203 2048 265 2111 τοῦ
282 2049 413 2130 τείχους
430 2053 599 2113 ποιεῖσθαι
615 2046 671 2114 καί
693 2047 764 2112 τών
789 2041 901 2112 ἄλλων
924 2047 1083 2131 μηχανῶν
1109 2037 1163 2122 αἷς

204 2149 389 2213 κατασείειν
407 2143 536 2213 ἐπενόει
552 2143 589 2214 τό
607 2159 724 2232 τεῖχος.
759 2145 815 2212 καὶ
832 2143 854 2233 ἦ
870 2171 905 2213 τε
922 2143 1046 2233 τάφρος
1069 2140 1162 2235 αὐτῷ

205 2243 336 2333 ἐχώσθη
354 2242 395 2314 ου’
414 2251 565 2334 χαλεποῖς
589 2246 645 2314 καί
669 2249 704 2315 οί
719 2245 842 2336 πόργοι
860 2243 1069 2334 προσήγοντο
1086 2243 1162 2332 ἤδη.
1176 2280 1204 2320 ει

170 2359 187 2408 ⁹
205 2350 241 2416 οί
255 2346 293 2416 δέ
312 2349 348 2415 ἐκ
365 2351 422 2434 τῆς
432 2345 695 2436 Ἁλικαρνασσοό
712 2346 834 2426 νυκτός
853 2345 1090 2434 ἐκδραμόντες,
1118 2342 1163 2424 τός

206 2449 370 2536 ἐμπρῆσαι
394 2447 474 2528 τοός
497 2474 534 2518 τε
557 2448 709 2538 πύργους
732 2449 790 2518 καὶ
811 2447 887 2518 ὅσοι
903 2445 1002 2516 άλλαι
1018 2447 1163 2536 μηχαναὶ

204 2550 432 2638 προσηγμέναι
444 2546 466 2637 ἦ
480 2547 521 2619 οὐ
535 2549 651 2640 πόρρω
664 2555 725 2620 τοῦ
739 2549 967 2638 προσάγεσθαι
979 2541 1078 2637 ἦσαν,
1094 2545 1162 2618 ὑπὸ

203 2655 272 2718 τών
290 2655 452 2736 φυλακῶν
473 2677 509 2719 τε
531 2657 600 2720 τών
620 2651 829 2722 Μακεδόνων
853 2651 910 2718 καὶ
927 2649 999 2720 ὅσοι
1018 2653 1054 2720 ἐν
1072 2647 1164 2741 αὐτῷ

204 2755 251 2842 τῷ
279 2756 366 2844 ἔργῳ
399 2752 628 2839 ἐξεγερθέντες
659 2749 919 2840 παρεβοήθησαν
948 2749 989 2822 οὕ
1013 2753 1163 2840 χαλεπῶς
1177 2783 1203 2826 2⁵

157 2865 187 2914 ιο
208 2858 494 2946 κατεκλείσθησαν
519 2857 567 2932 είς
592 2850 632 2922 τά
658 2860 748 2941 τείχη
772 2845 883 2934 αὖθις.
917 2853 973 2922 καὶ
991 2847 1165 2921 άπέθανον

205 2947 320 3022 αότώυ
333 2951 428 3022 ἄλλοι
445 2979 481 3022 τε
495 2954 528 3033 ἐς
543 2953 769 3044 ἑβδομήκοντα
789 2956 845 3024 καὶ
866 2954 982 3024 ἑκατόν
1000 2955 1058 3024 καὶ
1073 2963 1163 3026 Νεο-

205 3051 366 3142 πτόλεμος
384 3051 403 3124 δ
418 3051 637 3145 Ἀρραβαίου,
655 3061 714 3126 τοῦ
730 3052 895 3145 Ἀμόντου
914 3052 1079 3143 άδελφός,
1096 3059 1167 3123 τών

205 3152 295 3244 παρά
312 3169 462 3244 Δαρεῖον
477 3152 793 3246 αὐτομολησάντων·
811 3163 880 3225 των
894 3153 927 3224 δ’
944 3153 1166 3244 Ἀλεξάνδρου
1314 3225 1315 3252 ,

206 3263 415 3346 στρατιωτών
432 3256 605 3329 ἀπίθανον
622 3259 686 3347 μὲν
705 3261 737 3339 ἐς
757 3260 948 3344 ἑκκαίδεκα,
966 3263 1166 3347 τραυματίαι
1178 3291 1204 3333 ω
1314 3283 1315 3304 ³

205 3357 243 3427 δέ
262 3359 415 3445 ἐγίνοντο
435 3363 468 3440 ἐς
486 3367 715 3448 τριακοσίους,
740 3358 790 3430 ότι
815 3361 852 3429 ἐν
869 3357 969 3428 νυκτί
985 3358 1166 3448 γενομένης
1314 3349 1315 3358 ¹

204 3464 262 3547 τῆς
274 3462 437 3551 ἐκδρομῆς
452 3458 716 3550 ἀφυλακτότεροι
727 3463 760 3542 ἐς
773 3459 809 3530 τδ
820 3460 1060 3552 τιτρώσκεσθαι
1069 3453 1167 3548 ἦσαν.
