2650 3948
503 235 685 287 ΔΝΑΒΔΣΙΣ
703 238 726 294 1,
743 238 769 288 4.
1098 231 1118 298 ’ί

154 369 361 467 Ἀλεξάνδρφ
385 377 496 455 ίππείς
519 375 581 463 μέν
600 377 632 456 ές
648 381 775 464 χιλίους
792 373 849 443 καὶ
866 380 1118 462 πεντακοσίους,

158 475 248 558 πεζοὶ
266 475 303 544 δὲ
322 478 354 556 ἐς
370 483 659 565 τετρακισχιλίους.

228 578 394 664 Διέβαλον
413 576 451 646 δέ
467 581 526 664 τῆς
545 575 668 658 νυκτὸς
685 569 709 667 ή
726 575 820 663 λήιον
835 567 879 660 ἦν
897 583 991 646 σίτου
1009 575 1117 664 βαθά·
1139 587 1162 651 4

158 677 216 746 καὶ
232 677 338 768 ταάτη
362 677 490 766 μῶλλόν
512 706 544 747 τι
561 684 686 748 ἔλαθον
708 676 931 766 προσσχόντες
953 681 995 768 τῇ
1019 676 1118 767 ὄχθη.

131 807 145 847 ε
159 777 228 848 άπὸ
242 778 280 848 δὲ
292 777 355 867 τήν
368 782 412 848 ἕω
423 776 638 870 Ἀλέξανδρος
647 777 702 848 διὰ
715 785 777 848 τοῦ
791 784 887 866 ληίου
900 771 973 867 ἦγε,
987 804 1119 867 παραγ-

159 887 273 968 γείλας
284 894 356 961 τοῖς
369 887 476 964 πεζοῖς
489 889 644 968 πλαγίαις
656 894 729 962 ταῖς
743 886 915 970 σαρίσσαις
928 882 1120 950 έπικλίνον·

158 1009 219 1062 τας
242 979 301 1050 τὸν
325 995 419 1051 σῖτον
441 979 530 1051 οὕτω
553 981 713 1071 προάγειν
739 983 772 1062 ές
797 979 838 1049 τά
861 977 923 1051 οὐκ
948 979 1120 1072 ἐργάσιμα.

160 1087 197 1152 ολ
212 1081 251 1152 δὲ
269 1087 380 1163 ίππείς
398 1088 471 1153 ἔστε
487 1082 550 1172 μέν
567 1081 622 1152 διά
639 1088 700 1151 τοῦ
717 1089 813 1170 ληίου
829 1079 975 1173 προήειή
989 1081 1120 1170 φάλαγξ

162 1186 355 1272 ἐφείποντο·
383 1181 427 1264 ῶς
445 1183 483 1253 βλ
501 1186 623 1253 ἐκτῶν
640 1186 831 1273 ἐργασίμων
854 1183 1016 1271 ἐξήλασαν
1022 1235 1032 1270 ,
1057 1181 1155 1270 τήνλ

122 1313 148 1354 ιο
160 1285 224 1374 μὲν
249 1290 354 1354 ἵππον
380 1285 437 1354 ἐπὶ
460 1282 498 1356 τὰ
526 1283 636 1367 δεξιὰν
657 1284 756 1374 κέρας
782 1281 883 1364 αὐτὸς
905 1279 1121 1373 Ἀλέξανδρος

161 1384 351 1476 παρήγαγε,
382 1384 445 1474 τήν
474 1385 631 1474 φάλαγγα
655 1385 693 1456 δὲ
720 1388 756 1454 έν
779 1390 920 1478 πλαισίφ
948 1385 1121 1473 Νικάνορα

161 1483 256 1574 ἄγειν
268 1485 432 1557 ἐκέλευσε.
471 1487 529 1555 καὶ
541 1492 577 1556 ολ
588 1487 686 1558 Γέται
700 1484 782 1556 οάβὲ
793 1484 855 1574 τήν
868 1483 1004 1575 πρῶτην
1018 1483 1120 1573 έμβο-
1137 1502 1155 1552 ⁸

162 1588 227 1676 λήν
238 1594 308 1657 τῶν
322 1589 452 1657 ίππέωυ
466 1584 635 1680 ἐδέξαντο·
654 1587 840 1678 παράδοξος
852 1587 915 1676 μὲν
927 1585 992 1676 γάρ
1006 1583 1121 1666 αὐτοῖς

161 1687 182 1777 ή
200 1689 306 1778 τόλμα
322 1685 431 1777 ε’φάνη
454 1694 516 1758 τοῦ
537 1687 774 1777 Ἀλεξάνδρου,
799 1687 849 1757 ὅτι
865 1683 1017 1779 εὐμαρῶς
1034 1684 1122 1756 οὕτω

123 1817 149 1860 15
162 1789 223 1860 τὸν
239 1791 394 1878 μέγιστον
414 1794 485 1859 τῶν
501 1795 660 1879 ποταμῶν
683 1788 863 1878 διεβεβήκει
887 1786 926 1858 ιἐν
948 1794 1007 1879 μιᾷ
1023 1788 1122 1858 νυκτὶ

161 1888 363 1981 τόνἼστρον
379 1889 421 1960 οὐ
439 1891 638 1981 γεφυρῶσας
654 1890 715 1961 τὸν
728 1890 847 1980 πόρον,
864 1888 992 1979 φοβερά
1010 1889 1049 1958 δὲ
1065 1889 1122 1958 καὶ

161 1997 221 2080 τῆς
239 1993 410 2081 φάλαγγος
426 1986 447 2080 ή
466 1991 669 2080 ξύγκλεισις,
691 1997 784 2080 βιαία
807 1990 846 2060 δὲ
867 1984 888 2078 ή
905 1995 975 2061 τῶν
993 1990 1123 2060 ίππέιον

163 2089 297 2182 ἕμβολή.
330 2093 387 2162 καὶ
409 2093 450 2162 τά
476 2093 539 2182 μὲν
562 2100 678 2181 πρῶτα
701 2091 736 2174 ἐς
758 2091 822 2180 τήν
838 2091 935 2161 πόλιν
951 2089 1157 2180 καταφεά-4

163 2215 300 2281 γουσιυ,
323 2191 405 2282 ήδή
422 2189 559 2283 άπεῑχευ
582 2192 696 2275 αὐτοῖς
722 2192 805 2264 ὅσον
826 2191 1046 2281 παρασάγγην
1062 2196 1123 2260 τοῦ

125 2294 307 2384 τοἼστρου·
332 2292 377 2377 ῶς
394 2295 434 2365 δὲ
456 2292 621 2382 ε’πάγουτα
644 2293 736 2364 εἶβον
759 2299 893 2384 σπουδή
906 2293 1124 2381 Ἀλέξανδρον

163 2393 226 2484 τήν
242 2395 305 2485 μὲν
322 2395 479 2484 φάλαγγα
495 2395 585 2482 παρά
601 2394 662 2465 τὸν
678 2395 846 2483 ποταμόν,
865 2393 910 2474 ῶς
927 2395 972 2482 μή
989 2401 1123 2463 κυκλω-

163 2499 260 2566 θεῖέν
282 2521 329 2584 πη
353 2500 389 2566 οί
402 2497 492 2580 πεζοὶ
509 2492 779 2586 ἐνεδρευσάντων
802 2501 871 2564 τῶν
888 2501 1018 2582 Γετῶν,
1044 2492 1124 2574 τούς

166 2599 286 2678 ἱππίας
304 2597 342 2666 δὲ
357 2595 441 2666 κατά
452 2598 616 2686 μέτωπον,
634 2603 807 2666 λείπουσιν
824 2587 869 2665 αὖ
881 2596 938 2664 καὶ
949 2595 1011 2684 τήν
1027 2593 1125 2664 πόλιν

165 2703 201 2768 ol
211 2700 309 2770 Γέται
324 2703 435 2778 κακῶς
447 2698 700 2786 τετειχισμένην,
718 2695 942 2785 άυαλαβόυτες
959 2701 1028 2766 τῶν
1045 2719 1124 2764 παι·

126 2825 152 2868 τι
166 2799 359 2889 δαρίυνκαλ
372 2804 442 2868 τῶν
455 2801 625 2886 γυναικῶν
639 2797 696 2869 ἐπὶ
707 2795 787 2879 τούς
800 2803 925 2880 ἵππους
938 2797 1001 2868 ὅσα
1010 2798 1125 2887 φέρειν

165 2906 201 2971 οί
214 2904 311 2970 ἵπποι
326 2897 512 2987 ήδάναντο·
535 2892 579 2988 ἦν
596 2900 634 2970 δὲ
652 2897 767 2980 αὐτοῖς
784 2893 806 2987 ἡ
823 2898 909 2988 ὁρμή
929 2897 973 2980 ῶς
990 2923 1125 2988 πορρω-

163 3001 249 3072 τάτω
267 2998 333 3071 άπό
349 3007 411 3071 τοῦ
428 3006 578 3090 ποταμοῦ
602 2999 636 3081 ές
659 3001 700 3070 τά
719 3007 832 3091 ἔρημα.
856 2999 1070 3090 Ἀλέξανδρος
1087 2997 1126 3068 δὲ

163 3102 226 3191 τήν
243 3128 280 3172 τε
297 3101 395 3172 πόλιν
412 3101 644 3191 λαμβάνεινκαὶ
668 3100 729 3191 τήν
753 3109 848 3172 λείαν
864 3107 976 3171 πᾶσαν
993 3100 1076 3188 ὅσην
1093 3103 1129 3170 οί

164 3205 262 3276 Γέται
273 3202 504 3274 ὑπελείποντο.
530 3203 662 3292 καλιήν
679 3203 741 3293 μέν
759 3210 852 3272 λείαν
865 3201 1051 3295 Μελεάγρῳ
1068 3201 1125 3271 καὶ

126 3331 151 3370 so
167 3312 325 3398 Φιλίππφ
339 3302 564 3391 ἐπαναγαγεῖν
578 3309 731 3375 δίδωσιν·
746 3303 846 3385 αὐτὸς
860 3303 899 3373 δὲ
910 3303 1125 3385 κατασκάψας
1142 3318 1159 3366 ο

163 3405 227 3494 τήν
256 3405 358 3476 πόλιν
386 3405 466 3476 θάει
494 3432 530 3474 τε
560 3407 613 3475 ἐπὶ
639 3411 681 3496 τῇ
708 3404 796 3496 ὄχθη
822 3410 885 3474 τοῦ
906 3403 1040 3494 Ἴστρου
1066 3404 1126 3474 Διί

168 3513 302 3597 Σωτήρι
318 3506 376 3576 καὶ
394 3505 554 3595 Ἡρακλεῖ
567 3509 623 3576 καὶ
646 3504 740 3600 αὐτῷ
763 3512 810 3598 τῷ
824 3505 963 3600 Ἴστρφ,
988 3503 1040 3574 ὅτι
1062 3497 1126 3572 οάκ
