2664 3946
224 223 266 290 88
574 219 828 283 Διεωιαεεοτ

225 365 333 454 ταύτῃ
353 363 493 454 ἐξελῶν,
513 364 556 434 τά
580 365 619 436 δέ
641 363 804 456 ὁμολογίᾳ
829 365 1123 456 παραστησάμενος
1141 365 1179 438 έν

226 467 307 537 δέκα
324 463 460 556 ἡμέραις
484 469 650 554 ἐπανῆγεν
667 474 716 548 είς
732 467 794 554 τὴν
813 471 968 556 Σιδῶνα,
990 470 1048 538 καλ
1072 495 1179 538 κατα·

225 567 388 656 λαμβάνει
412 565 610 657 Κλέανδρον
632 568 693 638 τὸν
716 569 996 658 Πολεμοκράτους
1015 573 1051 640 ἐκ
1068 579 1179 642 Πελο-

225 669 399 756 ποννήσου
412 665 536 755 ἥκοντα
553 672 611 738 καὶ
629 669 692 749 ξύν
708 669 802 762 αύτῷ
816 668 1179 762 μισθοφόρουςἝλλη-

225 797 289 851 νας
308 774 341 851 ἐς
358 779 649 860 τετρακισχιλίους.
1203 811 1218 852 ⁵

189 885 208 934 6
298 871 355 952 Ὡς
380 870 419 940 δὲ
444 874 662 942 συνετέτακτο
688 871 781 963 αύτῷ
803 873 842 943 τδ
866 873 1045 962 ναυτικόν,
1073 877 1179 962 ἐπιβι-

225 971 332 1062 βάσας
366 987 437 1052 τοῖς
467 973 721 1063 καταστρώμασι
753 977 823 1043 τῶν
855 972 1076 1045 ὑπασπιστῶν
1108 973 1180 1045 ὅσοι

228 1075 339 1144 ἱκανοὶ
358 1073 501 1144 ἐδόκουν
520 1077 553 1156 ἐς
570 1074 608 1144 τό
628 1083 739 1164 ἔργον,
757 1083 788 1145 εί
803 1075 848 1164 μὴ
867 1075 1032 1157 διέκπλοις
1050 1076 1179 1164 μᾶλλόν

225 1203 257 1244 τι
279 1171 300 1262 ἢ
324 1179 362 1245 ἐν
384 1177 499 1265 χερσὶν
524 1176 545 1264 ἡ
568 1185 740 1264 ναυμαχία
762 1184 928 1265 γίγνοιτο,
953 1175 1036 1267 ἀρας
1062 1181 1098 1247 ἐκ
1120 1181 1179 1266 τῆς

226 1281 379 1356 Σιδῶνος
405 1275 538 1347 ἐπέπλει
561 1283 602 1366 τῇ
632 1277 732 1369 Τύρῳ
750 1277 1028 1366 ξυντεταγμέναις
1052 1281 1178 1349 ναυσὶν
1191 1316 1218 1357 10

224 1375 329 1458 αύτὸς
346 1377 408 1465 μέν
425 1377 509 1447 κατά
527 1378 564 1447 τδ
589 1378 699 1460 δεξιδν
723 1377 841 1468 κέρας,
866 1377 886 1448 δ
904 1379 945 1466 δὴ
965 1383 998 1460 ἐς
1015 1379 1052 1449 τδ
1073 1381 1177 1450 πέλα-

225 1506 285 1566 γος
307 1477 401 1571 αύτῷ
426 1477 557 1567 ἀνεῖχε,
588 1481 645 1548 καὶ
668 1479 732 1560 ξύν
758 1478 851 1572 αύτῷ
883 1486 918 1550 ο’ί
945 1508 980 1550 τε
1011 1490 1178 1572 Κυπρίων

225 1589 373 1670 βασιλεῖς
382 1581 439 1650 καὶ
449 1577 521 1650 ὅσοι
532 1589 712 1669 Φοινίκων,
721 1579 809 1668 πλὴν
819 1582 1054 1672 Πνυταγόρου.
1079 1574 1178 1663 οὗτος

226 1683 265 1752 δέ
278 1683 336 1751 καὶ
351 1681 521 1772 Κράτερος
533 1682 571 1750 τδ
587 1681 766 1770 εύῶνυμον
779 1682 878 1773 κέρας
892 1683 983 1770 εἶχον
996 1687 1056 1770 τῆς
1070 1685 1177 1772 πάσης

190 1784 359 1864 λτάξεως.
395 1799 466 1863 τοῖς
491 1783 529 1852 δέ
558 1791 692 1874 Τυρίοις
716 1783 881 1874 πρότερον
904 1785 966 1873 μὲν
990 1801 1176 1873 ναυμαχεῖν
1191 1821 1216 1864 15

226 1883 440 1972 ἐγνωσμένον
463 1875 524 1973 ἦν,
547 1892 580 1955 εί
595 1886 679 1955 κατὰ
702 1887 875 1956 θάλατταν
895 1885 1042 1956 ἐπιπλέοι
1060 1895 1177 1975 σφίσιν

222 1983 451 2074 Ἀλέξανδρος.
479 1985 555 2056 τότε
569 1986 608 2057 δέ
620 1991 750 2076 πλῆθος
763 1992 851 2056 νεῶν
865 1989 951 2057 πολύ
966 1986 1178 2075 ἀπροςδοκή-

223 2113 290 2166 τως
314 2086 504 2168 κατιδόντες
532 2086 589 2175 (ού
613 2089 679 2178 γάρ
704 2113 756 2156 πω
780 2089 986 2176 πεπυσμένοι
1008 2081 1094 2178 ἦσαν
1117 2090 1177 2170 τάς

223 2189 1177 2278 τεΚυπρίωνναῦςκαὶτάςΦοινίκωνξυμπάσαςἉλέξαν-

189 2293 308 2380 Θδρον
334 2289 467 2378 έχοντα)
492 2291 549 2360 καὶ
571 2289 639 2379 ἀμα
663 2291 933 2378 ξυντεταγμένως
951 2296 1012 2361 τοῦ
1032 2295 1176 2362 ἐπίπλου
1189 2329 1217 2368 ω

224 2390 426 2478 γιγνομένου
452 2388 585 2480 (ὀλίγον
607 2393 673 2480 γάρ
697 2395 778 2481 πρὶν
802 2409 983 2482 προσσχεῖν
1013 2399 1054 2482 τῇ
1083 2393 1177 2464 πόλει

223 2489 460 2581 ἀνεκῶχευσαν
485 2499 532 2562 ἔτι
549 2493 702 2580 πελάγιαι
719 2498 758 2562 αί
778 2493 841 2574 ξύν
861 2493 1069 2587 Ἀλεξάνδρῳ
1086 2498 1177 2582 νῆες,

223 2603 258 2663 εί
277 2619 348 2674 πως
372 2591 437 2682 ἀρα
460 2596 494 2674 ές
517 2603 710 2683 ναυμαχίαν
732 2594 812 2676 τούς
841 2604 987 2684 Τυρίους
1010 2599 1176 2686 προκαλέ-

223 2711 355 2783 σαιντο,
374 2701 484 2764 ἔπειτα
502 2693 591 2764 οὕτω
608 2697 865 2784 ξυνταξάμενοι,
885 2697 930 2777 ῶς
948 2696 1011 2767 ούκ
1029 2695 1176 2784 ἀντανή-

222 2821 343 2883 γοντο,
367 2799 480 2887 πολλῷ
504 2801 551 2887 τῷ
575 2799 685 2890 ῥοθίῳ
711 2797 888 2888 ἐπέπλεον)
905 2805 1012 2869 ταῦτα
1029 2799 1215 2888 ὁρῶντεςει

223 2901 260 2966 οί
286 2896 400 2984 Τύριοι
422 2914 608 2984 ναυμαχεῖν
637 2899 700 2987 μὲν
723 2899 940 2987 ἀπέγνωσαν·
967 2901 1113 2991 τριήρεσι
1138 2901 1177 2970 δέ

222 2994 304 3078 ὅσας
329 3002 398 3066 τῶν
424 2997 568 3085 λιμένων
590 2999 631 3068 τά
651 2999 798 3088 στόματα
822 3001 976 3088 ἐδέχοντο
993 3003 1096 3092 βύζην
1115 3003 1176 3072 τόν

223 3107 371 3170 ἔσπλουν
385 3097 589 3190 φραξάμενοι
603 3102 809 3192 ἐφύλασσον,
827 3101 872 3183 ῶς
886 3103 930 3191 μὴ
950 3106 984 3183 ἐς
1000 3109 1069 3173 τῶν
1082 3104 1176 3193 λιμέ-

221 3227 293 3270 νων
305 3201 380 3271 τινά
397 3205 704 3290 ἐγκαθορμισθῆναι
715 3207 785 3273 τῶν
798 3213 966 3293 πολεμίων
976 3207 1035 3275 τδν
1045 3205 1175 3275 στόλου.

188 3313 202 3362 ⁰
294 3301 514 3392 Ἀλέξανδρος
533 3303 583 3393 δέ,
602 3303 648 3384 ῶς
666 3302 730 3375 ούκ
747 3305 977 3394 ἀντανήγοντο
995 3313 1031 3378 οί
1048 3307 1175 3397 Τύριοι,
1188 3337 1215 3378 ιο

223 3400 359 3474 ἐπέπλει
376 3408 417 3493 τῇ
443 3404 551 3474 πόλει·
579 3407 636 3474 καὶ
662 3410 695 3487 ἐς
718 3405 780 3494 μέν
798 3407 857 3476 τδν
874 3407 991 3496 λιμένα
1012 3409 1074 3479 τόν
1091 3410 1176 3500 πρὸς

225 3511 380 3586 Σιδῶνος
404 3505 574 3595 βιάζεσθαι
591 3505 728 3595 ἀπέγνω
746 3507 803 3578 διά
822 3509 1000 3598 στενότητα
1017 3515 1078 3581 τοῦ
1097 3511 1176 3580 στό-
