2678 3950
213 180 275 246 184
567 176 818 239 ΑΛΕΞΑΝΔΡΟΤ

213 341 383 429 ἐκπέμπει,
401 347 437 410 οἳ
453 339 495 427 δή
513 338 608 426 μόνοι
627 344 673 408 ἔτι
689 331 913 408 ἀπελείποντο
932 340 969 407 ἐν
981 343 1025 427 τῇ
1039 349 1177 426 Παραι-

177 444 365 530 ντακηνάιν
391 441 484 531 χάρη
508 439 736 528 ἀφεστηκότες,
777 440 833 508 καὶ
856 438 963 527 μάχης
988 441 1176 529 γενομένης

212 542 297 632 πρὸς
323 541 448 622 αάτοάς
474 545 637 631 καρτεράς
664 545 799 609 νικῶσιν
821 546 858 610 οί
879 539 966 629 ἀμφὶ
993 541 1174 631 Κράτερον

211 649 254 734 τῇ
287 643 391 733 μάχη·
439 643 496 712 καὶ
531 640 688 729 Κατάνης
726 641 788 730 μὲν
821 639 1029 730 ἀποθνήσκει
1062 640 1173 712 αὐτοῦ
1298 663 1301 672 ’

211 744 414 834 μαχόμενος,
442 742 621 832 Αὐστάνης
645 743 683 812 δὲ
705 744 911 832 ξυλληφθεὶς
934 742 1064 833 ἀνήχθη
1087 739 1203 834 παρέ
1317 747 1318 830 ξ

209 846 447 933 Ἀλέξανδρον·
473 850 542 914 τάν
574 844 612 915 θλ
638 842 701 923 ξάν
719 839 836 924 αὐτοῖς
858 845 1041 934 βαρβάρων
1060 851 1175 926 ίππείς

212 948 274 1037 μὲν
293 947 467 1017 ἀπέθανον
485 948 519 1027 ἐς
539 943 657 1017 ἑκατὸν
680 947 737 1015 καὶ
762 956 878 1034 είκοσι,
906 949 995 1030 πεζοὶ
1020 945 1059 1016 δὲ
1082 944 1174 1034 ἀμφὶ

213 1053 292 1129 τους
318 1055 445 1136 χιλίους
470 1054 720 1128 πεντακοσίους.
754 1051 859 1116 ταῦτα
886 1046 925 1116 δὲ
949 1045 994 1128 άς
1019 1047 1173 1136 ἐπράχθη

212 1165 283 1230 τοῖς
310 1143 397 1237 ἀμφὶ
423 1146 611 1239 Κράτερον,
637 1149 693 1216 καὶ
726 1138 818 1217 οὗτοι
844 1149 877 1228 ἐς
894 1147 1030 1238 Βάκτρα
1056 1147 1171 1238 ᾔεσαν.

212 1251 269 1320 καὶ
294 1253 330 1320 ἐν
347 1249 511 1339 Βάκτροις
528 1251 566 1318 τὸ
586 1249 673 1337 ἀμφὶ
693 1249 929 1338 Καλλισθένην
951 1275 987 1318 τε
1010 1251 1067 1318 καὶ
1091 1249 1173 1330 τούς
1188 1277 1215 1316 ιο

214 1357 340 1433 παῖδας
366 1351 507 1440 πάθημα
529 1348 740 1442 Ἀλεξάνδρῳ
767 1351 967 1439 ξυνηνέχθη.

178 1471 195 1519 3
285 1453 349 1525 Ἐκ
375 1453 538 1541 Βάκτρων
562 1450 600 1520 δὲ
627 1451 800 1538 ἐξήκοντος
821 1449 887 1540 ήδη
903 1456 966 1520 τοῦ
989 1442 1070 1542 ήρος
1087 1450 1172 1520 ἀνα·

173 1583 177 1590 ·
213 1556 327 1645 λαβών
358 1553 420 1640 τήν
452 1551 610 1642 στρατιάν
640 1550 829 1641 προάχάρει
866 1551 911 1633 οἱς
948 1553 1003 1622 ἐπὶ
1030 1550 1171 1640 Ἰνδούς,

211 1651 377 1746 Ἀμάνταν
401 1649 577 1722 ἀπολιπών
600 1657 636 1724 ἐν
655 1659 698 1743 τῇ
716 1653 808 1744 χάρη
831 1660 899 1723 τῶν
916 1660 1100 1748 Βακτρίων
1114 1657 1172 1724 καὶ

213 1757 276 1839 ξάν
294 1752 387 1846 αὐτῷ
408 1755 528 1836 ίππέας
545 1754 608 1844 μὲν
625 1761 826 1844 τρισχιλίους
844 1757 901 1825 καὶ
919 1763 1172 1842 πεντακοσίους,
1186 1781 1214 1824 ιε

178 1855 332 1940 επεζοάς
356 1856 394 1925 δὲ
417 1863 572 1946 μυρίους.
617 1849 820 1945 ὑπερβαλὼν
843 1857 881 1925 δὲ
904 1857 964 1924 τὸν
988 1857 1174 1926 Καάκασον

215 1961 251 2028 ἐν
278 1957 358 2028 δέκα
385 1957 521 2048 ἡμέραις
548 1954 687 2045 ἀφίκετο
722 1961 755 2038 ἐς
784 1955 1035 2047 Ἀλεξάνδρειαν
1061 1959 1172 2046 πόλιν,

212 2059 274 2147 τήν
298 2069 493 2128 κτισθεῖσαν
518 2062 555 2130 ἐν
572 2059 873 2148 Παραπαμισάδαις
896 2058 1012 2128 ὅτιτὸ
1038 2063 1173 2148 πρῶτον

146 2160 149 2176 ⁴
214 2163 270 2230 ἐπὶ
288 2158 450 2250 Βάκτρων
470 2163 646 2231 ἐστέλλετο.
679 2163 736 2228 καὶ
754 2160 814 2229 τὸν
831 2160 893 2248 μὲν
910 2158 1065 2249 ὕπαρχον
1083 2158 1173 2241 ὅστις

214 2261 307 2354 αὐτῷ
335 2263 389 2330 ἐπὶ
415 2266 474 2347 τής
500 2261 628 2340 πόλεως
660 2259 734 2330 τότε
767 2259 891 2348 ἐτάχθη
923 2261 1087 2348 παραλάει
1113 2268 1210 2348 τήςιο

179 2363 336 2452 σάρχής,
363 2360 412 2431 ὅτι
429 2359 471 2431 ου’
496 2366 605 2441 καλοῖς
630 2363 820 2450 ἐξηγεῖσθαι
845 2363 950 2442 ἔδοξε·
974 2383 1173 2450 προσκατοι-

213 2473 310 2544 κίσας
337 2463 458 2532 δὲκαὶ
492 2461 615 2543 ἀλλους
641 2465 709 2530 τάν
735 2469 913 2553 περιοίκων
946 2490 981 2532 τε
1013 2464 1070 2532 καὶ
1102 2464 1173 2533 ὅσοι

213 2569 281 2634 τῶν
300 2566 510 2652 στρατιωτῶν
528 2559 695 2652 ἀπόμαχοι
705 2553 791 2651 ἦσαν
806 2565 839 2644 ἐς
852 2565 912 2652 τὴν
923 2558 1172 2654 Ἀλεξάνδρειαν

215 2665 390 2753 Νικάνορα
414 2664 495 2752 μέν,
522 2667 582 2734 ἕνα
599 2667 668 2732 τάν
687 2665 842 2752 ἑταίρων,
866 2662 927 2750 τήν
951 2664 1048 2734 πόλιν
1067 2663 1173 2754 αὐτήν

215 2779 352 2852 κοσμεῖν
380 2765 549 2834 ἐκέλευσε·
590 2765 765 2852 σατράπην
793 2766 831 2834 δὲ
856 2764 1050 2853 Ῥυριάσπην
1074 2767 1171 2835 κατέ·
1184 2791 1208 2834 ιο

215 2886 314 2954 στησε
339 2869 397 2952 τῆς
423 2890 459 2933 τε
484 2864 594 2954 χώρας
620 2871 680 2953 τῆς
705 2870 1005 2957 Παραπαμισαδῶν
1030 2867 1089 2934 καὶ
1113 2872 1171 2954 τής

178 2965 315 3055 οάλλης
342 2971 414 3035 ἔστε
442 2967 497 3036 ἐπὶ
522 2965 584 3034 τὸν
601 2973 755 3054 Κωφῆνα
779 2967 937 3056 ποταμόν.
974 2963 1172 3056 ἀφικόμενος

215 3067 253 3137 δὲ
272 3071 304 3148 ἐς
324 3074 471 3138 Νίκαιαν
488 3065 587 3137 πόλιν
600 3069 656 3136 καλ
669 3071 710 3157 τῇ
721 3067 849 3160 Ἀθηνᾷ
862 3067 973 3148 θύσας
987 3068 1173 3159 προάχοάρει

215 3168 260 3248 ἀς
275 3169 329 3238 ἐπὶ
346 3165 407 3235 τὸν
426 3170 589 3258 Κωφῆνα,
607 3170 806 3259 προπέμψας
823 3169 954 3258 κήρυκα
969 3166 1014 3252 ὥς
1029 3174 1173 3258 Ταξίλην

214 3296 249 3353 τε
265 3269 322 3338 καὶ
339 3265 419 3348 τοάς
445 3272 499 3338 ἐπὶ
523 3271 603 3340 τάδε
626 3275 685 3339 τοῦ
701 3268 811 3340 Ἰνθοῦ
829 3277 994 3360 ποταμοῦ,
1013 3273 1172 3353 κελεύσας
1184 3299 1208 3340 ιο

215 3370 369 3441 ἀπαντᾶν
394 3367 487 3451 ὅπως
506 3366 550 3439 ἀν
575 3371 722 3452 ἑκάστοις
746 3375 916 3461 προχωρῇ.
955 3373 1012 3442 καὶ
1035 3377 1174 3463 Ταξίλης

213 3475 324 3543 τεκαὶ
342 3475 378 3540 οί
393 3467 487 3541 ἄλλοι
504 3469 649 3564 ὕπαρχοι
666 3471 835 3562 ἀπήντων,
864 3475 957 3563 δῶρα
976 3472 1017 3542 τά
1039 3475 1174 3562 μέγιστα
