2664 3946
502 238 688 292 ΔΝΑΒΑΣΙΣ
706 243 731 304 2,
748 241 789 291 ιο.
1083 236 1123 302 8‘1

163 379 225 448 καὶ
234 379 314 460 τούς
327 378 575 468 μηχανοποιούς
587 380 738 470 μηχανὰς
752 377 856 460 ἐίλλας
868 377 1124 462 κατασκευάζειν

165 479 351 551 ἐκέλευσεν.
383 479 428 562 οδς
446 481 484 551 δέ
501 485 608 552 ταῦτα
626 481 902 571 παρεσκευάζετο,
921 479 1025 560 αύτδς
1042 481 1125 561 τούς

165 582 381 663 ύπασπιστδις
394 582 575 672 ύναλαβοδν
589 585 646 652 καλ
659 583 741 663 τούς
752 582 928 673 Ἀχριᾶυας
942 579 998 651 ἐπὶ
1010 585 1124 652 Σιδῶ-

166 711 228 764 νος
245 681 384 772 ἐστύλη,
412 683 459 764 σός
476 683 650 773 ἀθροίσων
668 683 738 754 ἐκεῖ
754 681 829 754 όσαι
844 681 909 772 ἤδη
926 675 1014 771 ἦσαν
1031 674 1124 776 αύτῷ

137 785 322 875 ετριήρεις,
341 783 391 854 ότι
407 785 606 876 ύπορύτερα
622 787 664 855 τδι
681 789 741 873 τῆς
755 793 948 876 πολιορκίας
966 783 1126 874 ἐφαίνετο

166 888 539 977 θαλασσοκρατούντων
557 890 626 956 τόν
653 895 798 976 Τυρίων.

241 987 296 1060 Ἐν
319 989 430 1082 τούτῳ
453 989 491 1060 δέ
509 989 742 1078 Γηρόστρατός
766 1016 802 1058 τε
825 985 1003 1079 ὁἈρύδου
1026 995 1124 1075 βασι·
1132 993 1178 1060 20

168 1089 248 1170 λεύς
276 1092 333 1159 καὶ
346 1089 491 1170 Ἔνυλος
514 1089 689 1179 όΒύβλου
714 1088 759 1170 ὦς
778 1097 906 1178 ἔμαθον
928 1089 989 1170 τὰς
1014 1089 1125 1169 πόλεις

168 1193 269 1279 σφῶν
284 1189 342 1260 ὑπ’
364 1189 587 1281 Ἀλεξάνδρου
606 1189 785 1280 ἐχομένας,
809 1189 1030 1271 ἀπολιπόντες
1048 1188 1125 1262 Αύ-

127 1323 155 1362 ιο
168 1292 384 1382 τοφραδιίτην
401 1319 437 1363 τε
459 1295 517 1363 καὶ
538 1293 599 1373 τὰς
622 1295 686 1376 ξύν
709 1292 803 1384 αύτῷ
825 1291 905 1371 νέας
923 1291 1004 1381 παρ’
1029 1291 1125 1362 Ἀλέ-

168 1395 314 1482 Εανδρου
332 1395 398 1464 σύν
415 1399 463 1486 τῷ
480 1399 629 1486 ναυτικῷ
647 1398 694 1486 τῷ
716 1394 867 1486 σφετέρῳ
885 1392 1050 1481 ἀφίκοντο
1067 1395 1126 1463 καὶ

169 1501 210 1564 αί
222 1499 291 1563 τῶν
310 1501 488 1565 Σιδωνίων
504 1497 648 1586 τριήρεις
666 1495 733 1565 σύν
751 1493 887 1583 αύτοίς,
906 1491 991 1564 ὥστε
1006 1501 1125 1564 Φοινί-

168 1623 239 1665 κων
252 1596 314 1684 μέυ
322 1600 400 1684 νῆες
410 1596 616 1684 ὀγδοήκοντα
626 1597 768 1684 μάλιστα
781 1597 873 1686 αύτῷ
889 1595 1124 1684 παρεγένοντο.

167 1687 252 1784 ἧκον
265 1698 303 1768 δὲ
317 1701 355 1767 έν
366 1713 441 1778 ταῖς
455 1697 575 1778 αύταῑς
584 1697 721 1788 ἡμέραις
735 1700 792 1766 καὶ
807 1703 843 1768 έκ
854 1695 969 1768 Ῥόδου
982 1697 1124 1788 τριήρεις
1143 1713 1160 1762 2

129 1796 189 1886 ιεῆ
219 1825 255 1868 τε
284 1807 464 1888 περίπολος
493 1799 683 1888 καλουμένη
711 1802 768 1869 καλ
795 1799 858 1879 ξύν
889 1797 997 1888 ταύτη
1028 1796 1127 1867 ἄλλαι

170 1899 287 1989 ἐννέα,
311 1903 369 1970 καὶ
393 1898 433 1970 ἐκ
452 1901 575 1970 Σόλων
600 1903 657 1970 καὶ
676 1909 806 1980 Λυκίας
830 1899 928 1988 δέκα,
951 1897 989 1968 ἐκ
1007 1909 1127 1970 Μακε-

170 2007 287 2082 δονίας
311 2002 349 2072 δέ
373 2002 654 2092 πεντηκόντορος,
678 2000 736 2090 ἐφ’
761 1991 801 2089 ἧς
825 2001 986 2090 Πρωτέας
1005 1999 1024 2070 ό
1047 1999 1127 2071 Ἀν-

169 2109 331 2192 δρονίκου
350 2101 493 2174 ἐπέπλει.
529 2101 570 2172 ού
589 2105 703 2194 πολλῷ
722 2100 755 2173 δ’
781 2100 924 2189 ὕστερον
941 2103 999 2172 καὶ
1017 2107 1054 2171 οί
1067 2105 1163 2190 τῆςε

170 2203 316 2294 Κύπρου
340 2212 489 2293 βασιλεῖς
514 2208 547 2285 ές
571 2205 633 2292 τὴν
652 2208 790 2274 Σιδῶνα
813 2203 977 2291 κατέσχον
1002 2207 1128 2272 ναυσλν

129 2335 157 2377 ιο
172 2305 290 2375 έκατόν
305 2306 517 2394 μάλιστακαὶ
534 2317 671 2394 ελκοσιν,
684 2303 798 2392 ἐπειδὴ
814 2305 877 2392 τήν
891 2331 927 2374 τε
940 2295 1049 2390 ἧσσαν
1066 2305 1127 2392 τὴν

168 2405 238 2476 κατ’
254 2406 364 2478 Ἰσσόν
383 2416 533 2497 Δαρείου
552 2405 724 2478 ἐπύθοντο
747 2408 805 2475 καὶ
829 2405 850 2494 ἡ
878 2412 1018 2493 Φοινίκη
1036 2410 1128 2474 πᾶσα

169 2507 309 2598 ἐχομένη
333 2507 397 2597 ἤδη
426 2508 488 2578 ὑπ’
511 2507 732 2596 Ἀλεξάνδρου
756 2506 873 2596 ἐφόβει
896 2505 1035 2586 αύτούς.
1070 2509 1128 2575 καὶ

168 2609 300 2690 τούτοις
315 2613 419 2679 πᾶσιν
435 2615 559 2680 ἔδωκεν
571 2607 790 2697 Ἀλέξανδρος
805 2607 920 2678 όίδειαυ
934 2609 1003 2676 τῶν
1019 2607 1127 2695 πρόσ-

168 2723 245 2799 θεν,
263 2709 314 2780 ὅτι
329 2709 391 2781 ὑπ’
411 2709 561 2799 ύνύγκης
578 2709 708 2798 μᾶλλόν
721 2737 752 2779 τι
768 2707 789 2796 ἢ
807 2709 891 2778 κατὰ
910 2708 1048 2797 χνύμηυ
1066 2717 1129 2797 την

130 2841 157 2882 π
171 2815 270 2900 σφῶν
288 2811 432 2883 ἐδόκουν
445 2813 674 2900 ξυνταχθῆναι
689 2827 761 2891 τοῖς
776 2811 922 2901 Πέρσαις
937 2808 971 2890 ἐς
988 2809 1027 2880 τὸ
1040 2837 1127 2880 ναυ-

169 2941 271 2983 τικου.

243 3015 299 3086 Ἑν
325 3005 351 3107 ᾧ
377 3014 414 3085 δέ
444 3021 484 3086 αἵ
509 3043 545 3085 τε
578 3015 725 3104 μηχαναὶ
755 3012 848 3105 αύτῷ
873 3013 1163 3100 ξυυεπήγυυντολ

169 3117 227 3186 καὶ
254 3122 294 3186 αί
322 3119 399 3204 νῆες
431 3115 475 3196 οἱς
506 3124 555 3198 είς
585 3116 756 3186 ἐπίπλουν
790 3143 826 3184 τε
854 3116 912 3184 καὶ
937 3122 1128 3203 ναυμαχίας

170 3215 356 3307 ἀπόπειραν
374 3217 592 3306 ἐξηρτύοντο,
617 3215 655 3286 ἐν
671 3217 783 3308 τούτῳ
804 3215 841 3286 δέ
859 3214 1041 3305 ιέυαλαβοδν
1058 3218 1127 3284 τῶυ

132 3345 158 3386 ιο
171 3345 206 3388 τε
231 3318 361 3388 ίππέων
380 3326 454 3398 ίλας
474 3325 561 3388 ἔστιν
579 3314 619 3398 ἃς
642 3321 699 3388 καὶ
717 3317 799 3397 τούς
817 3317 995 3408 Ἀγριόινός
1012 3345 1047 3386 τε
1070 3318 1127 3386 καλ

169 3420 250 3500 τούς
272 3419 408 3500 τοξότας
436 3418 489 3488 ἐπ’
511 3417 671 3509 Ἀραβίας
689 3419 859 3488 στέλλεται
876 3426 924 3499 εἰς
942 3419 1002 3488 τόν
1016 3417 1126 3488 Ἀντι-

169 3528 310 3611 λίβανον
333 3520 542 3608 καλούμενον
565 3520 603 3588 τό
626 3517 723 3608 όρος·
748 3521 806 3589 καλ
831 3519 871 3589 τδι
895 3519 957 3607 μέν
980 3526 1039 3611 βίη
1058 3519 1160 3586 τῶνῦ
