2664 3946
500 282 684 336 Δαεεεειυ
702 287 732 347 3,
751 285 793 337 νο.
1070 280 1132 344 133

170 445 207 488 τε
228 422 284 486 καί
299 418 342 486 οά
357 421 531 508 φρενήρει,
555 424 601 498 είς
616 422 653 488 δέ
668 419 708 487 τά
724 420 810 487 ἀλλα
825 418 926 488 οὐδὲν
941 419 1133 498 ἀνεπιεικὲς

171 526 273 607 ἔργον
288 519 535 608 ἀποδειξαμένῳ
549 521 572 605 ή
587 519 668 587 οὐδὲ
692 522 916 607 ἐγγενόμενον
930 520 1021 608 αάτῶ
1045 517 1131 588 ἀπο-

172 624 357 708 δείξασθαι,
373 622 424 689 ὅτι
439 621 525 706 ὁμοῦ
535 623 598 706 μὲν
610 625 658 699 είς
668 621 729 706 τήν
746 627 922 707 βασιλείαν
933 630 1132 708 παρελθεῖν,

172 724 258 808 ὁμού
281 725 318 791 δέ
341 728 650 810 προσπολεμεῖσθαι
672 725 757 809 πρός
782 748 819 790 τε
840 726 1054 792 Μακεδόνων
1076 723 1134 790 καί

145 831 241 895 ετῶν
258 823 428 910 Ἑλλήνων
455 825 587 910 ξυνέβη.
622 823 753 890 οὔκουν
774 825 855 891 ουδὲ
877 825 1030 891 ἐθέλοντι
1053 825 1133 910 ἐξήν

172 931 220 993 ἐτι
241 924 390 1011 ὑβρίζειν
406 927 441 1004 ἐς
462 924 543 1003 τούς
564 923 751 1010 ὑπηκόους,
777 927 815 992 ἐν
836 931 961 1011 μείζονι
982 928 1133 1014 κινδύνῳ

170 1028 260 1113 ήπερ
284 1029 408 1094 ἐκεῖνοι
430 1028 664 1111 καθεστηκότι.
703 1032 800 1108 ζῶντι
821 1030 885 1112 μὲν
906 1027 947 1113 δή
964 1029 1134 1114 ξυμφοραί

172 1129 264 1214 αὐτῷ
295 1129 394 1194 ἀλλαι
426 1124 481 1195 ἐπ’
516 1127 634 1206 ἀλλαις
666 1130 938 1214 ξυνηνέχθησαν,
974 1127 1056 1195 ούδέ
1085 1150 1167 1206 τιςε
1299 1207 1300 1210 ¹

173 1229 330 1316 ἀνακωχή
354 1230 486 1314 ἐγένετο
511 1229 625 1314 ἐπειδή
642 1234 777 1314 πρῶτον
793 1230 828 1308 ἐς
842 1229 904 1314 τήν
919 1228 1026 1316 ἀρχήν
1047 1253 1135 1312 παρ-

135 1363 160 1403 ιο
172 1337 296 1417 ἦλθεν·
319 1329 405 1397 ἀλλά
427 1329 531 1406 εὐθύς
552 1331 615 1414 μὲν
635 1331 674 1396 τὸ
689 1337 758 1396 τῶν
773 1336 955 1414 σατραπῶν
976 1333 1031 1398 ἐπί
1046 1335 1134 1415 Γρα-

173 1437 258 1518 νικῷ
280 1443 427 1515 πταῖσμα
449 1433 568 1516 ξυνέβη
590 1429 628 1497 τδ
652 1427 806 1517 ίππικόν,
831 1429 937 1508 εύθύς
963 1431 1001 1498 δὲ
1024 1430 1134 1497 Ἰωνία

173 1558 210 1599 τε
237 1534 294 1598 καί
320 1533 439 1609 Αίολδς
467 1539 595 1616 εἴχοντο
626 1532 682 1597 καί
711 1533 844 1618 Φρύγες
870 1532 1051 1616 ἀμφότεροι
1078 1534 1135 1598 καί

174 1636 286 1700 Λυδία
313 1635 370 1700 καί
391 1637 501 1716 Κάρες
521 1633 612 1716 πλήν
628 1631 930 1718 Ἁλικαρνασσέων
959 1634 1075 1718 ὀλίγον
1098 1635 1169 1704 δλι

175 1734 320 1819 ὕστερον
342 1735 399 1799 καί
416 1733 678 1818 Ἁλικαρνασσὸς
701 1734 858 1820 ἐξῄρητο,
888 1736 943 1800 ἐπί
969 1736 1006 1800 δὲ
1028 1731 1047 1818 ή
1071 1757 1136 1799 πα-

137 1865 162 1906 ιε
176 1839 276 1917 ραλία
291 1839 382 1901 πάσα
397 1839 471 1901 ἐστε
487 1835 542 1902 ἐπί
555 1834 618 1917 τήν
629 1839 803 1900 Κιλικίαν·
829 1839 931 1901 ἐνθεν
944 1833 1012 1920 δὲή
1029 1833 1137 1901 αύτού

177 1936 231 2003 ἐπ’
245 1935 340 2023 Ἰσσῷ
354 1929 454 2022 ήσσα,
470 1937 527 2001 ἵνα
541 1936 605 2020 τήν
619 1960 655 2001 τε
671 1939 795 2022 μητέρα
810 1938 1137 2022 αἰχμαλωτισθεῖσαν

175 2039 231 2102 καί
246 2037 308 2121 τήν
322 2049 469 2122 γυναῖκα
484 2040 540 2104 καί
562 2035 640 2115 τούς
661 2039 782 2114 παῖδας
803 2037 949 2103 ἐπεῖδεν·
974 2039 1030 2104 ἐπί
1051 2039 1137 2124 τῶδε

176 2142 319 2221 Φοινίκη
346 2163 382 2205 τε
410 2139 562 2205 ἀπῶλετο
590 2142 647 2206 καί
673 2145 845 2224 Αἴγυπτος
871 2145 976 2204 πᾶσα·
1016 2138 1072 2206 ἐπὶ
1099 2140 1137 2204 δὲ

175 2237 277 2316 αύτδς
299 2241 338 2306 ἐν
363 2239 537 2324 Ἀρβήλοις
565 2241 672 2324 ἔφυγέ
696 2265 731 2305 τε
760 2241 798 2306 έν
820 2240 966 2325 πρῶτοις
993 2241 1138 2324 αἰσχρῶς

137 2371 163 2413 2⁰
177 2340 234 2405 καί
256 2339 415 2424 στρατιὰν
436 2346 598 2426 πλείστην
620 2339 745 2417 παντὸς
765 2346 826 2406 τοῦ
849 2341 1060 2424 βαρβαρικοῦ
1080 2342 1137 2424 γέ-

175 2465 258 2520 νους
272 2441 439 2508 ἀπῶλεσε·
463 2443 576 2526 ῳνγάς
596 2465 632 2508 τε
648 2445 686 2509 ἑκ
701 2444 824 2508 τούτου
840 2447 897 2526 τής
912 2438 1018 2508 αύτού
1032 2439 1137 2526 ἀρχῆς
1154 2461 1171 2512 5

176 2545 408 2628 πλανεόμενος,
436 2545 493 2609 καί
520 2549 688 2610 τελευτῶν
715 2541 798 2627 πρὸς
825 2549 894 2608 τῶν
915 2541 1000 2628 ἀμφ’
1031 2541 1137 2609 αύτόν

177 2646 212 2720 ἐς
239 2643 280 2709 τά
306 2647 428 2728 ἔσχατα
450 2646 648 2728 προδοθείς,
677 2643 836 2727 βασιλεύς
857 2666 893 2709 τε
916 2645 955 2710 ἐν
976 2651 1022 2730 τῷ
1045 2643 1136 2732 αύτῷ

176 2749 233 2812 καί
255 2746 426 2830 δεσμῶτης
448 2743 510 2824 ξύν
537 2744 650 2833 ἀτιμία
672 2745 850 2830 ἀγόμενος,
879 2748 972 2822 τέλος
993 2747 1032 2812 δὲ
1053 2746 1138 2830 πρὸς

138 2853 245 2918 τετῶν
264 2847 481 2912 οίκειοτάτων
497 2848 754 2931 ἐπιβουλευθείς
768 2845 930 2913 ἀκῶλετο.
959 2852 1057 2928 ζῶντι
1074 2849 1136 2933 μὲν

176 2950 312 3034 Δαρείῳ
331 2951 470 3012 τοιαῦτα
492 2947 698 3032 ξυνηνέχθη·
729 2949 966 3032 τελευτήσαντι
988 2950 1025 3015 δὲ
1047 2951 1135 3032 ταφή
1153 2965 1171 3016 ο

176 3073 212 3114 τε
230 3046 251 3134 ἡ
268 3048 424 3132 βασιλική
440 3050 580 3114 καὶτῶν
595 3052 726 3116 παίδων
743 3048 842 3114 ὁποία
863 3050 919 3115 καί
933 3049 1136 3134 βασιλεύον-

175 3175 232 3226 τος
254 3147 359 3216 αύτοῦ
374 3149 485 3234 τροφή
506 3173 542 3215 τε
554 3150 775 3234 Ἀλεξάνδρου
796 3152 853 3216 καί
868 3152 1058 3226 παίδευσις,
1081 3149 1136 3216 καί

175 3250 326 3337 γαμβρὸς
349 3248 575 3334 Ἀλέξανδρος.
621 3248 719 3316 ὁπότε
746 3251 785 3317 δὲ
807 3251 964 3317 ἐτελεύτα
988 3251 1136 3336 ἐγεγόνει

138 3377 163 3420 ιο
176 3351 262 3437 ἀμφὶ
282 3346 323 3417 τά
346 3353 555 3436 πεντήκοντα
578 3355 643 3436 ἐτη.

256 3452 470 3539 Ἀλέξανδρος
485 3455 522 3521 δέ
537 3456 616 3532 τοὺς
629 3451 902 3539 ὑπολειφθέντας
916 3455 956 3521 ἐν
969 3459 1010 3541 τή
1026 3452 1133 3531 διύξει
1144 3464 1186 3530 23

175 3561 234 3640 τής
260 3560 417 3641 στρατιᾶς
448 3554 628 3640 ἀναλαβῶν
657 3558 692 3634 ἐς
720 3555 898 3642 Ὑρκανίαν
934 3554 1133 3641 προάχῶρει.
