2650 3948
222 241 265 306 52
576 227 828 294 ᾸΛει-ειαιεοτ

221 382 378 472 μάταιοι·
417 380 475 451 καὶ
496 378 572 449 τότε
593 378 653 446 τόν
678 377 785 466 λόφον
801 375 862 446 τόν
879 373 945 466 πρό
962 381 1021 464 τῆς
1039 376 1179 463 πόλεως,

223 483 276 554 ὅτι
304 485 361 554 καὶ
390 475 488 562 οὗτος
512 476 553 550 ού
578 495 674 568 μεῖον
696 484 758 548 τοῦ
780 489 912 566 τείχους
936 475 1057 566 όχυρδς
1083 481 1117 558 ἐς
1141 476 1178 546 τό

189 582 455 673 δάπομάχεσθαι
480 575 542 671 ἦν,
572 579 803 669 κατειληφότες
829 580 1045 667 προσέμενον.
1086 577 1180 650 Ἀλέ-

223 692 366 777 ξανδρος
383 685 421 755 δὲ
438 684 500 773 την
517 683 579 772 μὲν
598 683 754 771 φάλαγγα
766 687 834 750 τῶν
848 680 1060 752 Μακεδόνων
1073 680 1181 750 τάττει

223 781 299 858 τόδε.
327 788 382 856 ἐπὶ
399 787 461 875 μὲν
478 791 539 854 τού
554 787 663 867 δεξιοῦ
677 787 792 873 κε’ρως,
810 787 866 852 ἵνα
879 782 936 850 καὶ
949 779 1052 862 αύτδς
1067 783 1179 851 ἐπετέ-
1207 811 1220 852 5

221 917 338 975 τακτο,
355 885 436 968 τούς
449 883 658 964 ὑπασπιστάς
676 883 783 972 εἶχεν,
802 883 979 971 ἐχομένους
997 883 1035 953 δὲ
1051 883 1181 952 τούτων

221 989 303 1070 τούς
323 996 533 1077 πεζεταίρους
552 993 623 1056 ἕστε
641 987 696 1054 ἐπὶ
713 983 750 1054 τό
770 983 948 1072 εύιόνυμον
965 991 1180 1074 παρατείνας,

223 1090 268 1172 ὡς
287 1091 434 1170 ἑκάστοις
450 1095 518 1158 τῶν
535 1085 766 1176 στρατηγωνὴ
794 1083 954 1174 ἡγεμονία
976 1089 1035 1174 τῆς
1058 1086 1180 1168 τάξεως

187 1196 261 1260 λέν
284 1197 327 1282 τῇ
344 1191 418 1260 τότε
436 1189 543 1280 ἡμέρᾳ
559 1181 614 1276 ἦν.
651 1188 706 1257 ἐπὶ
723 1187 762 1256 δὲ
777 1193 824 1278 τῷ
843 1184 1005 1280 εὐωνύμῳ
1025 1189 1180 1269 ἐπέταξεν

221 1292 366 1381 ἡγεμόνα
393 1290 560 1380 Ἀμύνταν
583 1289 644 1358 τόν
665 1286 876 1378 Ἀρραβαίου.
925 1288 1179 1378 προετάχθησαν
1193 1319 1219 1358 ιο

222 1395 260 1464 δὲ
283 1391 376 1487 αύτῷ
399 1398 460 1462 τοῦ
482 1392 545 1480 μὲν
570 1393 680 1473 δεξιοῦ
704 1393 808 1478 κε’ρως
826 1394 912 1459 οἵτε
928 1390 1057 1472 τοξόται
1073 1391 1129 1458 καὶ
1147 1394 1183 1459 οί

218 1495 404 1585 Ἀγριᾶνες·
422 1497 483 1563 τοῦ
498 1493 536 1562 δὲ
550 1489 728 1579 εὐωνύμου
743 1497 778 1560 οί
789 1489 978 1561 άκοντισταί
991 1496 1027 1560 οί
1038 1497 1179 1582 Θρᾷκες,

222 1591 271 1666 ύν
287 1596 398 1684 ἡγεῖτο
416 1593 598 1682 Σιτάλκης·
632 1598 667 1662 οί
681 1592 746 1682 γάρ
765 1597 877 1673 ίππείς
895 1590 987 1684 αύτῷ
1005 1589 1069 1662 ούκ
1088 1591 1179 1680 άφέ-
1262 1675 1265 1679 .

221 1709 309 1786 λιμοι
332 1700 369 1766 ἐν
390 1702 433 1786 τῇ
458 1701 629 1785 δυσχωρία
651 1686 749 1782 ἦσαν.
791 1709 860 1773 τοῖς
884 1699 1038 1775 Πισίδαις
1062 1693 1179 1763 δὲκαὶ

226 1809 428 1889 Τερμησσείς
445 1795 772 1885 προσβεβοηθηκότες
790 1795 1026 1878 ξυνετάξαντο.
1193 1824 1218 1864 ιε

188 1913 204 1964 5
288 1899 377 1986 Ἤδη
394 1899 432 1967 δὲ
449 1903 485 1967 οί
499 1895 579 1986 ἄμφ’
596 1895 816 1985 Ἀλέξανδρον
834 1896 1117 1985 προσβεβληκότες
1130 1901 1178 1989 τῷ

221 1999 294 2088 όρει
317 1999 399 2088 ὅπερ
422 2015 574 2088 κατεῖχον
598 2004 633 2068 οί
648 2003 785 2066 Πισίδαι
801 1995 874 2066 κατ’
895 1993 978 2066 αύτό
997 1997 1034 2067 τό
1054 1994 1178 2066 άποτο-

221 2101 372 2190 μάτατον
389 2106 446 2188 τῆς
464 2099 590 2169 άνόδου
608 2092 708 2186 ἦσαν,
725 2099 782 2166 καὶ
801 2098 959 2192 ἐντούτῳ
978 2101 1180 2169 ἐπιτίθενται

221 2198 337 2283 αύτοῑς
365 2204 402 2270 οί
426 2200 588 2289 βάρβαροι
617 2199 726 2289 λόχοις
748 2198 831 2268 κατά
855 2202 953 2289 κέρας
978 2200 1132 2290 ἑκάτερον
1155 2193 1179 2288 ἦ

223 2311 319 2392 σφίσι
346 2301 409 2391 μδν
436 2299 731 2391 εύπροσοδιότατον
754 2294 815 2389 ἦν,
844 2317 916 2382 τοῖς
939 2310 1108 2391 πολεμίοις
1140 2301 1218 2373 δὲει

222 2403 436 2494 χαλεπωτάτη
452 2400 474 2491 ἡ
492 2399 685 2491 πρόσβασις.
712 2403 768 2470 καὶ
784 2401 863 2483 τούς
879 2402 943 2491 μὲν
959 2404 1105 2491 τοξότας,
1123 2399 1178 2472 οἷα

222 2505 264 2592 δὴ
295 2505 373 2575 ούτε
397 2503 541 2592 άκριβολς
566 2502 794 2591 ὦπλισμένους
816 2503 873 2572 καί
898 2503 1050 2594 κράτους
1074 2504 1178 2573 πελά-

188 2620 205 2669 6
223 2629 355 2692 σαντας,
374 2609 572 2694 ἐτρέψαντο·
608 2610 643 2674 οί
658 2604 696 2674 δὲ
711 2602 883 2693 Ἀγριᾶνες
901 2611 1044 2693 ἔμειναν.
1076 2605 1179 2692 ἐγγύς

221 2706 286 2796 γάρ
304 2704 369 2794 ἤδη
387 2707 442 2774 καὶ
458 2704 479 2794 ἡ
497 2704 628 2792 φάλαγξ
645 2713 712 2774 τῶν
730 2705 941 2776 Μακεδόνων
958 2712 1106 2795 προσῆγε
1122 2707 1179 2777 καί

222 2807 287 2895 πρό
306 2805 410 2895 αὐτῆς
423 2805 639 2896 Ἀλέξανδρος
657 2809 820 2895 ἐφαίνετο.
853 2805 898 2887 ὥς
915 2807 953 2876 δέ
971 2810 1008 2876 ἐν
1024 2809 1140 2897 χερσὶν
1156 2805 1217 2896 ἡιι

222 2909 309 2998 μάχη
328 2909 474 2996 ἐγένετο,
499 2916 625 2996 γυμνοί
639 2935 675 2976 τε
691 2913 727 2977 οί
740 2908 902 2997 βάρβαροι
919 2907 1012 2989 ὅντες
1029 2907 1179 2991 ὁπλίταις

223 3010 469 3099 προσεφέροντο
486 3010 542 3078 καὶ
559 3009 666 3096 πάντη
679 3008 1014 3099 κατατιτρωσκόμενοι
1028 3017 1177 3099 ἔπιπτον,

190 3115 370 3180 ’λε’νταύδα
402 3108 444 3199 δὴ
477 3113 674 3198 ἐγκλίνουσι.
720 3111 777 3178 καὶ
808 3108 981 3180 άπέθανον
1006 3112 1118 3181 αὐτῶν
1145 3115 1178 3192 ἐς

222 3218 470 3292 πεντακοσίους.
510 3218 629 3300 κοῦφοι
651 3210 717 3300 γάρ
741 3207 836 3294 ὄντες
859 3214 917 3282 καὶ
941 3218 1087 3302 ἔμπειροι
1110 3221 1179 3283 τῶν

222 3319 353 3402 χωρίων
377 3310 418 3382 ού
442 3319 594 3401 χαλεπῶς
612 3310 826 3402 άπεχύρουν·
856 3314 967 3382 καλοί
981 3315 1178 3396 Μακεδόνες
1190 3343 1217 3384 ιο

223 3410 279 3482 διά
297 3412 466 3503 βαρύτητα
483 3420 551 3484 τῶν
568 3413 683 3482 ὅπλων
700 3415 757 3483 καὶ
775 3413 930 3501 άπειρίαν
946 3420 1015 3483 τῶν
1032 3409 1124 3484 όδοῑν
1136 3414 1178 3486 ού

189 3529 207 3582 8
222 3518 401 3607 θαρραλέοι
424 3518 457 3596 ἐς
473 3514 510 3584 τό
528 3514 660 3584 διώκειν
678 3508 776 3603 ἦσαν.
812 3514 1028 3607 Ἀλέξανδρος
1046 3516 1085 3587 δὲ
1103 3517 1180 3606 ἐχό-
