2678 3950
221 219 284 286 248
572 218 823 280 ΔΔΕΞΔΝΔΡΟΤ

189 377 396 470 σγενόμενοι
422 381 478 450 ἐπὶ
504 383 591 450 πολὺ
618 378 855 471 ἐφωμάρτουν·
891 383 925 462 ἐς
943 377 1044 461 ῦσους
1061 381 1099 451 δὲ
1115 385 1187 450 τῶν

221 479 287 569 ήδη
301 477 510 574 Ἀλεξάνδρῳ
529 482 855 570 προσκεχωρηκότων
864 479 985 552 Ἰνδῶν
1002 479 1024 571 ή
1040 480 1102 570 βοή
1114 487 1186 552 τῶν

223 585 346 668 ἐρετῶν
371 579 393 670 ή
419 582 438 652 ὁ
464 582 592 663 κτύπος
616 587 676 670 τής
694 587 837 672 εἰρεσίας
857 585 991 672 ἐξίκετο,
1018 585 1073 652 καλ
1091 573 1183 652 οῦτοι
1318 599 1319 618 ί

223 683 277 752 ἐπὶ
295 681 370 770 τήν
388 680 520 771 ὄχθην
537 685 700 754 κατέθεον
717 684 774 752 καί
791 685 988 766 ξυνείποντο
1002 684 1183 775 ἐπᾴδοντες

222 789 443 875 βαρβαρικῶς.
484 785 626 878 φιλςοδολ
644 785 729 873 γάρ,
756 795 852 875 είπερ
868 785 956 866 τινὲς
974 783 1070 854 άλλοι
1084 783 1212 856 Ἰνδοίε

222 885 279 954 καί
305 885 548 976 φιλορχήμονες
573 883 641 955 άπδ
660 886 835 957 Διονύσον
865 893 912 956 ἐτι
936 888 995 956 καὶ
1021 892 1089 956 τῶν
1113 883 1183 973 ἅμα

224 986 383 1078 Διονύσῳ
408 987 668 1076 βακχευσάντων
693 986 777 1057 κατά
802 987 866 1075 τήν
889 981 1007 1057 Ἰνδῶν
1033 993 1105 1076 γῆν.

182 1107 208 1170 ,4
301 1083 400 1158 Οῦτω
426 1086 469 1176 δή
495 1090 607 1159 πλέων
634 1093 730 1179 τρίτη
748 1082 857 1178 ἡμέρᾳ
884 1080 1043 1176 κατέσχεν
1061 1091 1182 1175 ἵναπερ

219 1187 442 1276 Ἡφαιστίωνί
464 1191 574 1259 τεκαὶ
592 1190 755 1280 Κρατέρῳ
781 1189 865 1258 κατὰ
882 1189 920 1258 τό
939 1187 1023 1259 αύτῦ
1042 1210 1179 1279 στρατο-

223 1288 377 1359 πεδεύειν
410 1291 465 1359 ἐπί
495 1305 568 1371 ταῖς
600 1289 780 1378 άντιπέρας
813 1288 931 1377 ὄχθαις
962 1290 1181 1380 παρήγγελτο.
1197 1317 1224 1358 ιι

222 1397 339 1479 μείνας
364 1389 403 1460 δδ
430 1394 581 1461 ἐνταῦθα
605 1389 730 1482 ἡμέρας
756 1389 832 1478 δύο,
860 1388 905 1472 ῶς
930 1392 987 1461 καί
1014 1399 1181 1472 Φίλιππος

222 1490 316 1584 αύτχό
342 1489 405 1574 ξῦν
430 1498 472 1581 τή
498 1498 599 1580 λοιπή
625 1495 761 1582 στρατιᾷ
787 1490 947 1580 ἄφίκετο,
972 1495 1095 1562 τοῦτον
1119 1491 1183 1581 μὲν

224 1595 278 1662 ἐπί
300 1591 361 1661 τόν
381 1587 554 1680 Ἀκεσίνην
578 1591 728 1679 ποταμόν
752 1594 909 1682 ἐκπέμπει
933 1592 996 1676 ξῦν
1020 1588 1070 1674 οἷς
1098 1600 1183 1680 έχων

222 1687 292 1781 ήκε,
318 1694 419 1775 τάξας
445 1693 535 1782 παρά
552 1699 615 1763 τοῦ
630 1693 804 1764 Ἀκεσίνου
826 1700 978 1784 ποταμοῦ
995 1693 1057 1781 τήν
1076 1692 1184 1782 ὄχθην

223 1793 443 1880 πορεύεσθαι·
476 1793 558 1875 τοῦς
581 1795 618 1864 δὲ
636 1794 722 1883 ἀμφὶ
740 1794 914 1883 Κράτερόν
937 1822 974 1865 τε
990 1796 1047 1870 καὶ
1061 1789 1181 1883 Ἡφαι-
1197 1824 1223 1867 ιε

223 1901 349 1965 στίωνα
372 1887 473 1975 αῦθις
501 1897 669 1985 ἐκπέμπει,
688 1904 913 1985 παραγγείλας
931 1891 1023 1977 ὅπως
1041 1896 1104 1988 χρὴ
1120 1895 1183 1984 τήν

189 2027 205 2074 2
224 2002 364 2084 πορείαν
375 2006 552 2066 ποιείσθω.
571 1995 675 2077 αύτός
689 1996 727 2066 δὲ
740 2003 831 2066 ἔπλει
844 1997 927 2066 κατά
940 1997 1183 2086 τὸνὛδάσπην

222 2096 393 2189 ποταμόν,
425 2095 577 2185 οὐδαμοῦ
612 2104 727 2186 μείονα
755 2101 793 2168 ἐν
818 2102 864 2190 τῷ
891 2098 1049 2192 κατάπλῳ
1080 2109 1184 2169 είκοσι

224 2201 373 2268 σταδίοιν
398 2198 437 2266 τὸ
463 2190 571 2287 εῦρος.
608 2199 906 2288 προσορμιζόμενος
933 2199 971 2269 δὲ
997 2199 1062 2288 ὅπη
1090 2199 1184 2288 τύχοι

222 2314 298 2379 ταῖς
324 2295 441 2387 ὄχθαις
466 2303 546 2381 τοῦς
562 2301 825 2392 προσοικοῦντας
842 2307 888 2394 τῷ
901 2298 1049 2390 ’Τδάσπη
1065 2299 1182 2372 Ἰνδῶν
1196 2332 1222 2373 ιο

224 2400 305 2480 τοῦς
318 2399 381 2489 μὲν
393 2400 586 2482 ἐνδιδόντας
596 2404 686 2490 σφᾶς
700 2399 892 2490 ὁμολογίαις
910 2402 1182 2491 παρελάμβανεν·

224 2501 288 2590 ήδη
316 2502 358 2571 δέ
380 2528 472 2583 τινας
498 2505 554 2574 καί
582 2505 615 2583 ές
632 2501 740 2591 άλκήν
764 2503 981 2592 χωρήσαντας
1007 2511 1068 2596 βίᾳ
1085 2529 1180 2574 κατε-

191 2604 401 2694 εστρέψατο.
446 2598 549 2685 αύτδς
575 2603 614 2673 δε
641 2602 686 2684 ῶς
715 2605 770 2673 ἐπὶ
796 2602 861 2692 τήν
888 2610 1041 2676 Μαλλῶν
1066 2605 1183 2676 τεκαὶ

219 2701 433 2792 Ὀξυδρακῶν
459 2709 523 2792 γῆν
550 2710 684 2795 σπουδή
716 2711 807 2774 ἔπλει
815 2758 826 2792 ,
861 2712 1039 2786 πλείστους
1064 2733 1101 2776 τε
1126 2708 1183 2775 καί

222 2804 474 2893 μαχιμωτάτους
499 2809 566 2874 τῶν
583 2804 689 2896 ταύτη
705 2803 823 2875 Ἰνδῶν
849 2807 1109 2896 πυνθανόμενος
1126 2808 1183 2876 καλ
1196 2837 1222 2880 2⁵

223 2903 274 2974 ὅτι
308 2906 545 2992 ἐξηγγέλλοντο
571 2903 666 2997 αύτῷ
694 2911 818 2987 παῖδας
849 2907 911 2995 μὲν
937 2909 994 2978 καὶ
1021 2922 1185 2996 γυναῖκας

221 3003 506 3076 ῦπεκτεθείσθαι
542 3009 576 3087 ές
610 3005 670 3087 τάς
702 3003 915 3096 ὀχυρωτάτας
946 3014 1015 3078 τῶν
1041 3009 1185 3096 πόλεων,

222 3105 319 3177 αύτοὶ
347 3106 385 3175 δέ
413 3108 595 3193 ἐγνωκέναι
621 3106 676 3177 διά
702 3109 809 3196 μάχης
844 3110 929 3178 ίέναι
955 3109 1040 3198 πρὸς
1067 3108 1183 3180 αύτόν.

222 3202 279 3296 ἐφ’
300 3205 367 3300 ῦτῳ
389 3206 506 3294 δήκαὶ
525 3213 657 3298 σπουδή
677 3218 808 3280 πλείονι
827 3212 967 3280 ἐποιεῖτο
985 3212 1043 3280 τὸν
1061 3218 1185 3300 πλοῦν,

221 3309 311 3391 ὅπως
337 3308 382 3397 μή
411 3309 654 3399 καθεστηκόσιν
680 3309 807 3397 αύτοῑς,
834 3310 919 3381 άλλίι
946 3313 983 3381 ἐν
1003 3317 1050 3404 τῷ
1078 3316 1222 3384 ἐνδεεϊτο

220 3435 256 3479 τε
271 3415 318 3480 ε’τι
331 3412 388 3498 τής
404 3419 617 3500 παρασκευῆς
630 3413 687 3481 καὶ
697 3413 931 3504 τεταραγμένῳ
945 3414 1183 3502 προσφέρηται.

187 3516 323 3582 ιένθεν
348 3510 386 3582 δέ
407 3508 547 3604 ῶρμήθη
565 3515 603 3583 τὸ
625 3513 795 3604 δεύτερον,
821 3513 879 3581 καὶ
897 3513 1029 3604 πέμπτη
1048 3513 1186 3604 άφίκετο
