2590 3948
449 249 633 301 ΔΝΔΒΔΣΙΣ
652 251 675 313 7,
692 251 717 301 δ.
1003 246 1067 311 295

106 403 260 494 βασιλεύς
277 397 393 494 ἦρξεν·
422 405 459 472 ἐν
475 406 521 497 τῶ
539 400 632 496 αύτῷ
651 403 716 493 γάρ
736 405 872 474 πάντων
894 407 1068 492 ἐγίγνοντο

108 511 144 576 οί
165 507 273 594 γάμοι.
312 506 368 574 καὶ
394 509 509 592 τούτο,
536 517 629 593 ελπερ
654 533 685 574 τι
702 502 796 593 άλλο,
823 509 915 589 ἔδοξε
931 511 1065 594 δημοτι-

106 607 168 675 κόν
194 608 311 676 τεκαὶ
339 607 532 696 φιλέταιρον
558 610 681 696 πρᾶξαι
697 607 927 696 Ἀλέξανδρον.
971 611 1006 676 ot*
1029 606 1102 675 δὲε

107 707 356 797 παραλαβόντες
375 705 505 796 άπῆγον
522 706 585 795 την
605 710 727 778 ἑαυτοῦ
746 711 900 789 ἕκαστος·
927 723 1067 798 προῖκας

81 808 145 878 εδέ
170 807 358 897 ξυμπάσαις
386 809 553 878 ἐπέδωκεν
575 807 802 898 Ἀλέξανδρος.
846 811 903 879 καλ
931 809 1003 879 ὅσοι
1029 807 1067 878 δὲ

106 908 198 979 άλλοι
214 909 355 998 ἠγμένοι
371 900 458 996 ἦσαν
479 909 675 990 Μακεδόνες
700 916 770 979 τῶν
785 910 949 982 Ἀσιανῶν
974 937 1067 990 τινας

104 1017 287 1098 γυναικῶν,
302 1009 542 1099 ἀπογραφῆναι
558 1013 709 1080 ἐκέλευσε
719 1011 774 1080 καὶ
787 1012 918 1080 τούτων
931 1012 972 1080 τὰ
987 1009 1064 1080 ὀνό-

103 1139 201 1200 ματα,
228 1113 285 1180 καὶ
304 1111 457 1198 ἐγένοντο
475 1111 564 1201 ύπέρ
581 1111 662 1192 τούς
680 1120 837 1201 μυρίους,
864 1114 921 1182 καὶ
939 1111 1067 1192 τούτοις

104 1213 227 1302 δωρεαὶ
250 1212 472 1302 Ἀλεξάνδρου
500 1214 669 1302 ἐδόθησαν
697 1215 750 1284 ἐπὶ
777 1228 846 1294 τοῖς
872 1211 999 1300 γάμοις.

66 1341 90 1380 ιο
181 1314 249 1384 Καὶ
281 1313 322 1382 τά
355 1313 436 1402 χρέα
463 1313 685 1384 ἐπιλύσασθαι
712 1320 771 1402 τῆς
798 1317 950 1403 στρατιᾶς
977 1313 1103 1394 ὅσοις5

104 1415 184 1504 χρέα
201 1405 245 1502 ἦν
259 1417 296 1484 ἐν
309 1419 412 1506 καιρῷ
428 1420 464 1484 οί
476 1419 580 1505 ἔδοξε,
598 1417 655 1484 καὶ
668 1415 796 1484 κελεύει
809 1415 1069 1503 ἀπογράφεσθαι

104 1514 232 1584 ὁπόσου
249 1514 377 1603 ὀφείλει
395 1519 544 1606 ἕκαστος,
563 1515 607 1596 ῶς
626 1519 846 1604 ληψομένους.
873 1515 988 1585 καὶτὰ
1006 1514 1068 1603 μὲν

104 1622 221 1704 πρῶτα
246 1614 356 1702 ὀλίγοι
381 1615 582 1705 ἀπέγραψαν
614 1621 713 1704 σφῶν
743 1616 784 1685 τά
810 1616 977 1706 ὀνόματα,
1010 1621 1068 1685 δε-

104 1718 213 1797 διότες
231 1718 264 1798 ἐξ
280 1711 501 1805 Ἀλεξάνδρου
519 1716 564 1806 μη
585 1734 684 1806 πείρα
702 1717 787 1806 αύτη
805 1729 857 1805 εἴη
874 1717 1068 1806 καθειμένη,

66 1845 91 1885 15
105 1818 172 1910 ὅτφ
199 1812 263 1888 ούκ
289 1815 469 1907 ἀποχρῶσα
495 1811 516 1906 ἦ
543 1818 733 1908 μισθοφορά
760 1823 829 1888 τῶν
856 1823 1068 1908 στρατιωτῶν

104 1923 174 1989 ἐστι
199 1920 256 1988 καὶ
282 1915 348 2012 ότφ
375 1921 561 2007 πολυτελὴς
578 1919 599 2008 ἡ
617 1925 735 1989 δίαιτα.
772 1919 817 2000 ῶς
835 1919 873 1989 δέ
892 1918 1067 2006 ἐξήγγελτο
1084 1929 1100 1979 2

103 2019 154 2089 ότι
180 2017 245 2090 ούκ
263 2018 499 2110 ἀπογράφουσι
516 2024 603 2109 σφᾶς
622 2026 657 2090 οί
671 2028 802 2109 πολλοί,
830 2018 906 2090 ἄλλ’
929 2019 1068 2108 ἐπικρύ-

103 2141 246 2192 πτουσιν
263 2119 330 2214 ότφ
356 2149 387 2190 τι
412 2132 464 2209 εἴη
491 2123 707 2210 συμβόλαιον,
734 2122 796 2209 τὴν
822 2121 885 2210 μὲν
911 2120 1069 2190 άπιστίαν

102 2229 173 2292 τῶν
191 2228 403 2308 στρατιωτῶν
429 2221 597 2293 ἐκάκισεν·
629 2221 671 2292 ού
689 2223 755 2310 γάρ
773 2227 893 2311 χρῆναι
910 2220 987 2291 οὔτ’
1006 2213 1067 2290 οὖν

65 2323 162 2393 νοτὸν
188 2324 325 2413 βασιλέα
350 2323 431 2392 ἄλλο
456 2351 486 2392 τι
513 2321 533 2412 ἢ
560 2322 742 2412 ἀληθεύειν
767 2322 852 2412 πρός
876 2321 957 2402 τούς
975 2319 1065 2411 ύπη-

102 2424 219 2512 κόους,
252 2423 331 2493 ούτε
355 2429 425 2493 τῶν
451 2423 648 2512 άρχομένων
672 2424 748 2493 τινά
774 2422 856 2493 ἄλλο
881 2451 913 2493 τι
938 2419 959 2510 ἣ
985 2421 1068 2511 άλη-

102 2524 222 2593 θεύειν
239 2525 453 2610 τὸνβασιλέα
472 2532 595 2594 δοκεῖν.
623 2527 779 2606 καταθεὶς
797 2524 835 2594 δέ
851 2525 1012 2615 τραπέζας
1032 2527 1067 2592 ἐν
1085 2536 1100 2585 ³

101 2629 150 2718 τῶ
179 2627 393 2718 στρατοπέδω
419 2626 477 2695 καὶ
504 2627 559 2695 ἐπὶ
585 2625 716 2694 τούτων
741 2632 884 2715 χρυσίον
901 2627 959 2695 καὶ
984 2623 1067 2706 τούς

104 2728 405 2814 ἐπιμελησομένους
430 2732 489 2815 τῆς
515 2726 641 2807 δόσεως
669 2726 835 2816 ἑκάστοις,
862 2725 952 2808 ὅστις
978 2746 1067 2814 συμ-

63 2855 89 2896 ¹⁵
103 2827 241 2914 βόλαιον
268 2831 500 2916 ἐπεδείκνυτο,
527 2829 724 2897 ἐπιλύεσθαι
740 2827 781 2897 τά
800 2829 882 2919 χρέα
901 2828 1066 2915 ἐκέλευεν,

103 2926 168 2998 ούκ
195 2928 500 3019 ἀπογραφομένους
524 2935 572 2998 ἐτι
589 2928 630 2997 τά
649 2927 804 3017 ὀνόματα.
845 2930 901 2998 καὶ
918 2927 1007 2998 οὕτω
1025 2925 1068 3014 δὴ

104 3030 306 3099 ἐπίστευσάν
324 3057 359 3099 τε
376 3028 558 3119 άληθεύειν
568 3027 786 3119 Ἀλέξανδρον
804 3033 861 3099 καὶ
880 3030 944 3100 σύν
961 3029 1069 3118 χάριτι

101 3137 229 3218 μείζονι
256 3134 407 3218 ἐγίγνετο
434 3128 549 3211 αύτοίς
575 3131 613 3200 τό
646 3129 692 3219 μὴ
717 3136 913 3220 γνωσθῆναι
938 3129 1067 3219 μᾶλλόν

101 3257 132 3299 τι
157 3225 233 3316 ἢτό
252 3232 449 3302 παύσασθαι
467 3231 673 3320 ὀφείλοντας.
707 3234 836 3320 λέγεται
854 3232 1068 3318 δέγενέσθαι

62 3330 123 3418 ιοῆ
152 3330 244 3412 δόσις
268 3331 354 3420 αύτη
381 3335 424 3421 τῇ
452 3338 589 3423 στρατιᾷ
616 3336 649 3414 ἐς
675 3334 822 3402 τάλαντα
846 3333 1014 3421 δισμύρια.

169 3430 296 3502 Ἔδωκε
322 3433 360 3502 δέ
377 3434 436 3502 καὶ
454 3438 546 3522 δῶρα
564 3431 675 3514 ἄλλοις
692 3433 788 3522 άλλα,
816 3431 907 3514 ὅπως
924 3460 972 3513 τις
990 3427 1066 3502 κατ’
1083 3447 1099 3496 4

102 3529 242 3613 ἀξίωσιν
268 3537 399 3623 ἐτιμᾶτο
423 3530 445 3623 ἢ
462 3532 535 3604 κατ’
555 3533 677 3624 ἀρετὴν
695 3545 730 3604 εί
742 3561 790 3616 τις
810 3531 974 3622 ἐπιφανὴς
992 3536 1063 3622 ἐγε-
