2678 3950
219 230 282 297 ρος
574 229 823 288 Ant-:Ampor

227 389 362 475 Ταύρου
394 393 451 476 τῆς
478 385 592 469 Ἀσίας
623 404 737 477 μοῖραι
767 396 952 476 γίγνονται,
984 382 1006 476 ἦ
1045 387 1107 476 μέν
1140 383 1178 468 ἐς

221 497 430 578 μεσημβρίαν
456 493 573 559 τεκαὶ
599 491 683 578 πρὸς
708 490 810 558 νότον
835 487 959 577 ἀνεμον
984 489 1056 578 [τοῦ
1084 489 1177 558 Ταό-

223 588 298 680 ρου]
325 593 516 679 κεκλιμένη,
551 591 572 677 ἡ
605 591 658 661 δὲ,
677 590 728 660 ἐπ’
757 589 880 677 ἄρκτον
905 617 940 660 τε
965 592 1021 658 καὶ
1051 589 1177 677 ἄνεμον

190 697 360 781 αβορρῶν.
412 695 470 778 τῆς
497 691 533 760 δὲ
561 690 605 772 ῶς
633 693 687 762 ἐπὶ
712 692 812 760 νότον
833 690 946 772 Ἀσίας
972 694 1111 780 τετραχῇ
1131 681 1176 759 αὖ

223 793 425 880 τεμνομένης
451 800 611 880 μεγίστην
642 792 705 881 μὲν
730 809 853 880 μοῖραν
884 791 945 879 την
968 791 1085 861 Ἰνδῶν
1111 795 1204 879 γηνε

224 909 312 962 ποιεῖ
332 893 572 981 Ἐρατοσθένης
597 921 632 964 τε
657 895 714 973 καὶ
739 895 980 981 Μεγασθένης,
1007 889 1045 972 ός
1071 893 1178 979 ξυνῆν

223 996 289 1082 μὴν
303 1001 474 1086 Σιβυρτίῳ
491 997 537 1087 τῶ
551 994 703 1084 σατράπη
717 999 775 1082 τῆς
784 994 999 1082 Ἀραχωσίας,
1020 993 1178 1074 πολλάκις

224 1095 262 1165 δὲ
288 1097 375 1182 λέγει
400 1094 579 1182 ἀφικέσθαι
606 1097 695 1184 παρά
716 1096 956 1182 Σανδράκοτον
981 1094 1041 1163 τὸν
1061 1093 1180 1164 Ἰνδῶν

225 1196 377 1283 βασιλέα·
418 1199 594 1285 ἐλαχίστην
618 1196 655 1266 δὲ
681 1195 764 1283 ὅσην
790 1194 1006 1284 όΕάφράτης
1031 1195 1178 1283 ποταμός

224 1297 376 1385 ἀπείργει
394 1294 440 1378 ῶς
455 1297 538 1385 πρὸς
555 1298 615 1385 τὴν
634 1297 729 1378 ἐντός
741 1297 802 1385 τὴν
815 1295 978 1385 ἡμετέραν
990 1297 1176 1366 θάλασσαν.
1191 1329 1218 1370 ιο

226 1399 290 1467 δόο
316 1397 355 1466 δέ
381 1403 420 1466 αι’
442 1397 564 1485 μεταξδ
584 1398 770 1486 Εὐφράτου
796 1425 832 1468 τε
857 1401 1007 1485 ποταμοῦ
1035 1399 1177 1466 καὶτοῦ

223 1497 333 1568 Ἰνδοῦ
361 1497 597 1587 ἀπειργόμεναι
622 1505 660 1568 αλ
675 1499 738 1568 δόο
755 1501 966 1581 ξυντεθεῖσαι
981 1499 1075 1586 μόλις
1092 1497 1179 1578 ἀξιαι

193 1625 208 1674 3
225 1605 265 1689 τῇ
281 1599 398 1670 Ἰνδῶν
415 1605 459 1688 γῇ
475 1601 665 1694 ξυμβαλεῖν.
697 1595 916 1688 ἀπείργεσθαι
932 1599 970 1669 δὲ
987 1600 1048 1686 τὴν
1062 1597 1178 1669 Ἰνδῶν

225 1701 338 1788 χῶραν
363 1701 447 1787 πρὸς
472 1701 535 1788 μὲν
562 1705 605 1771 ἔω
630 1704 738 1771 τεκαὶ
756 1701 946 1789 ἀπηλιώτην
963 1699 1087 1788 ἄνεμον
1105 1707 1178 1796 ἐστε

228 1802 283 1870 ἐπὶ
296 1807 504 1889 μεσημβρίαν
519 1803 558 1889 ιη’
573 1803 700 1891 μεγάλη
714 1803 884 1892 θαλάσση·
902 1801 940 1871 τό
955 1801 1038 1889 πρὸς
1050 1807 1178 1890 βορρᾶν
1192 1832 1216 1873 ιτ
1324 1879 1325 1884 1

227 1902 264 1968 δὲ
297 1896 402 1986 αότης
435 1900 606 1989 ἀπείργειν
638 1905 699 1972 τὸν
725 1903 909 1972 Καόκασον
935 1901 973 1971 τό
1001 1901 1078 1990 όρος
1106 1908 1179 1972 ἔστε

228 2001 283 2071 ἐπὶ
308 2006 369 2069 του
401 2002 536 2090 Ταόρου
562 2003 623 2091 τὴν
649 2003 832 2092 ξυμβολήν·
871 2004 933 2092 τὴν
959 2003 996 2073 δέ
1022 2003 1068 2082 ῶς
1094 2003 1179 2091 πρὸς

228 2103 371 2188 ἑσπέραν
416 2129 451 2172 τε
494 2105 548 2173 καί
585 2105 710 2192 ἀνεμον
739 2103 879 2192 Ἰάπυγα
916 2111 989 2174 ἐστε
1026 2105 1081 2173 ἐπὶ
1118 2103 1178 2190 τὴν

226 2203 373 2292 μεγάλην
399 2203 576 2274 θάλασσαν
603 2205 620 2274 ὁ
644 2204 750 2287 Ἰνδός
780 2205 926 2294 ποταμός
952 2205 1177 2292 ἀποτέμνεται.

227 2305 284 2374 καὶ
312 2309 380 2372 ἐστι
411 2310 530 2374 πεδίον
564 2305 585 2394 ἡ
620 2303 724 2393 πολλή
752 2305 870 2395 αὐτῆς,
900 2308 957 2376 καὶ
988 2311 1100 2392 τοῦτο,
1133 2305 1215 2386 ῶςςη

227 2405 424 2494 εἰκάζουσιν,
479 2409 515 2476 ἐκ
559 2413 628 2477 τῶν
675 2413 832 2497 ποταμῶν
873 2409 1177 2497 προσκεχωσμένον.

193 2505 313 2577 τεῖναι
338 2506 402 2596 γάρ
429 2505 495 2577 ου’ν
520 2510 577 2578 καὶ
603 2511 661 2597 τῆς
687 2507 788 2598 ἀλλης
814 2507 924 2596 χῶρας
942 2506 1003 2577 ὅσα
1021 2512 1121 2577 πεδία
1138 2506 1178 2576 οά

227 2608 341 2694 πρόσω
360 2608 534 2697 θαλάσσης
555 2608 596 2679 τά
613 2610 720 2678 πολλά
737 2614 805 2679 τῶν
825 2615 981 2697 ποταμῶν
1000 2603 1082 2698 παρ’
1102 2609 1177 2678 ἑκά-

173 2739 176 2746 *
227 2729 317 2788 στοις
334 2707 510 2795 ποιήματα,
530 2708 614 2779 ῶστε
629 2713 685 2779 καὶ
703 2716 761 2798 τῆς
777 2711 888 2800 χώρας
905 2709 968 2796 τὴν
984 2713 1178 2798 ἐπωνυμίαν

226 2825 298 2888 τοῖς
330 2825 492 2897 ποταμοῖς
524 2813 560 2880 έκ
591 2815 733 2880 παλαιοῦ
768 2821 999 2900 προσκεῖσθαι,
1026 2811 1214 2900 καθάπεριι

218 2909 345 2997 Ἕρμου
371 2912 407 2978 τέ
430 2937 460 2978 τι
486 2917 604 2980 πεδίον
630 2913 798 3000 λέγεσθαι,
824 2909 861 2992 ὃς
887 2911 971 2980 κατά
988 2913 1050 3000 τὴν
1064 2909 1179 2982 Ἀσίαν

227 3014 296 3098 γῆνι
319 3006 467 3096 ἀνίσχων
495 3013 527 3093 ἐξ
552 3011 654 3100 ὅρους
680 3012 819 3102 Μητρός
846 3013 1063 3100 Δινδυμήνης
1090 3011 1179 3099 παρά

228 3113 327 3181 πόλιν
346 3108 512 3200 Σμύρναν
530 3113 692 3202 Αἰολικὴν
711 3117 839 3182 ἐκδιδοῖ
855 3117 889 3194 ἐς
905 3115 1096 3184 θάλασσαν·
1124 3115 1179 3182 καὶ

227 3213 309 3284 ἀλλο
323 3209 505 3300 Καΰστρου
522 3220 639 3284 πεδίον
652 3215 782 3286 Λόδιον
796 3209 862 3283 ἀπὸ
878 3219 1010 3286 Λυδίου
1029 3217 1179 3304 ποταμοῦ

226 3319 283 3386 καὶ
319 3318 450 3382 Καΐκου
486 3314 569 3386 ἀλλο
604 3318 641 3384 ἐν
676 3321 796 3407 Μυσία
830 3317 887 3385 καὶ
914 3316 1115 3403 Μαιάνδρου
1142 3314 1178 3384 τό
1190 3345 1213 3388 ιο
1324 3349 1325 3418 ρ

227 3413 377 3506 Καρικόν
402 3421 475 3485 έστε
500 3417 553 3485 ἐπὶ
573 3424 728 3505 Μίλητον
751 3419 849 3486 πόλιν
870 3414 1027 3502 Ἰωνικήν.
1068 3427 1179 3502 Αίγυ-
1324 3419 1325 3432 ’

193 3520 313 3590 σπτόν
339 3540 373 3583 τε
387 3515 564 3608 Ἡρόδοτός
590 3545 625 3588 τε
649 3520 706 3586 καὶ
722 3517 891 3597 Ἑκαταῖος
917 3521 954 3586 οί
967 3518 1138 3602 λογοποιοὶ
1161 3512 1180 3604 ἢ
