2650 3948
473 229 659 283 εκεεεειε
679 235 703 293 1,
721 233 763 311 ιο.
1066 229 1110 296 39

137 365 407 464 Ἀλικαρνασσῷ,
426 368 561 460 ἀπέχων
578 375 638 458 τῆς
655 369 783 452 πόλεως
802 371 837 453 ές
853 369 953 442 πέντε
969 371 1109 460 μάλεστοι

144 477 318 560 σταδίους,
338 467 382 554 οἱς
401 472 456 542 ἐπὶ
474 480 599 566 χρονίφ
618 479 802 564 πολιορκίᾳ.
832 471 856 561 ῆ
871 499 907 542 τε
923 472 989 562 γάρ
1007 471 1109 562 φύσις
1125 495 1143 544 ε

145 575 209 644 τοῦ
227 580 353 663 χωρίου
368 571 493 662 ὀχυρόν
511 576 615 644 ἐποίει
632 571 788 664 αύτδικαὶ
806 573 872 661 ὅπη
886 601 917 643 τι
935 577 1046 644 ένδείν
1064 569 1110 656 ύς

146 673 233 763 πρός
251 671 438 763 ἀσφάλειαν
456 677 623 763 ἐφαίνετο,
642 675 818 764 ξύμπαντα
834 680 940 744 ταῦτα
958 677 1111 766 Μέμνων

116 804 183 846 ετε
203 771 305 857 αύτός
323 775 461 866 παρεόν,
480 775 545 864 ῆδη
562 774 840 866 ἀποδεδειγμένος
856 775 941 865 πρός
959 785 1110 868 Δαρείου

147 881 207 964 τῆς
223 905 260 947 τε
277 877 365 947 κάτω
380 875 493 959 Ἀσίας
507 878 638 947 καὶτοῦ
651 883 813 947 ναυτικοῦ
826 877 950 960 παντός
963 875 1109 966 ῆγεμύν,

149 983 186 1048 ἐκ
205 983 332 1048 πολλοῦ
351 979 604 1068 παρεσκευάκει,
625 980 682 1047 καί
700 982 895 1067 στρατιῶται
912 980 1030 1048 πολλοὶ
1046 979 1109 1068 μέν

148 1081 239 1162 ξένοι
246 1081 450 1169 μισθοφόροι
459 1083 496 1150 ἐν
504 1086 546 1170 τῆ
556 1079 649 1149 πόλει
658 1083 978 1169 ἐγκατελείφθησαν,
992 1081 1110 1150 πολλοὶ

149 1182 188 1251 δὲ
205 1183 264 1250 καί
281 1184 426 1272 Περσῶν
442 1179 570 1251 αὐτῶν·
596 1185 634 1250 αἵ
654 1207 690 1249 τε
705 1178 849 1268 τριήρεις
867 1181 1046 1270 ἐφώρμουν
1062 1187 1108 1274 τῷ

106 1312 135 1352 ιο
149 1283 268 1372 λιμένι,
293 1277 339 1364 ἀς
362 1283 419 1352 καὶ
442 1280 509 1352 ἀπό
536 1287 605 1352 τόν
629 1287 766 1350 ναυτῶν
792 1281 920 1369 πολλὴν
946 1277 1111 1370 ἀφέλειαν

147 1393 329 1472 γίγνεσθαι
346 1387 379 1466 ἐς
397 1383 438 1454 τά
456 1391 547 1473 ἔργα.

229 1481 1109 1577 ΤῆμένδῆπρύτῆῆμέρᾳπροσύγοντοςἈλεξάνδρου
1127 1505 1143 1554 4

148 1590 197 1678 τῷ
221 1594 321 1676 τείχει
344 1587 429 1658 κατά
459 1586 518 1667 τάς
549 1587 604 1656 ἐπὶ
630 1586 781 1658 Μύλασα
807 1585 976 1676 φερούσας
1002 1585 1110 1666 πύλας

150 1687 297 1778 ἐκδρομή
313 1715 349 1758 τε
366 1695 517 1776 γίγνεται
532 1693 601 1757 τῶν
619 1690 655 1756 ἐκ
672 1693 731 1775 τῆς
748 1687 877 1769 πόλεως
894 1688 950 1758 καὶ
967 1685 1111 1778 ἀκροβο-

110 1817 137 1858 ιι
150 1788 284 1878 λισμός·
309 1791 366 1858 καὶ
391 1789 533 1869 τούτους
559 1786 601 1857 ού
628 1794 780 1876 χαλεποῖς
798 1787 992 1859 ἀνέστειλάν
1017 1816 1053 1858 τε
1078 1792 1113 1858 οί

149 1888 233 1979 παρ’
253 1888 475 1980 Ἀλεξάνδρου
494 1888 781 1979 ἀντεκδραμόντες
803 1891 861 1959 καί
884 1894 917 1972 ἐς
935 1890 997 1980 τῆν
1014 1889 1111 1960 πόλιν

149 1993 375 2062 κατέκλεισαν.

230 2089 281 2164 ού
292 2102 431 2174 πολλαῖς
442 2093 480 2163 δὲ
492 2091 637 2183 ὕστερον
650 2090 787 2182 ἡμέραις
797 2090 1015 2183 Ἀλέξανδρος
1025 2091 1109 2163 ἀνα·
1127 2111 1143 2161 ε

149 2192 266 2282 λαβάυ
290 2194 370 2276 τούς
400 2223 436 2265 τε
465 2191 675 2274 ύπασπιστάς
706 2194 763 2262 καί
787 2193 849 2283 τῆν
874 2201 944 2265 τῶν
970 2197 1111 2285 ἑταίρων

111 2322 137 2366 ιο
151 2302 257 2366 ἵππον
273 2297 330 2365 καὶ
347 2297 408 2384 τὴν
429 2291 597 2385 Ἀμύντου
622 2322 658 2366 τε
675 2295 732 2366 καὶ
750 2302 942 2386 Περδίκκου
959 2297 1016 2364 καὶ
1034 2307 1110 2368 Με-

150 2396 295 2487 λεάγρου
321 2397 413 2480 τάξιν
438 2396 500 2485 τῆν
526 2395 660 2483 πεζικῆν
684 2397 742 2465 καὶ
767 2393 852 2486 πρός
877 2395 1005 2477 τούτοις
1030 2395 1111 2478 τούς

149 2497 286 2581 τοξότας
308 2499 366 2568 καὶ
389 2496 469 2578 τούς
484 2495 658 2587 Ἀγριᾶνας
676 2503 836 2587 περιῆλθε
852 2503 911 2585 τῆς
928 2495 1058 2578 πόλεως
1076 2500 1109 2578 ἐς

149 2601 188 2669 τὸ
212 2600 297 2689 πρός
315 2598 463 2671 Μύνδου
481 2600 598 2688 μέρος,
616 2598 655 2668 τό
680 2625 716 2667 τε
738 2613 845 2687 τεῖχος
870 2598 1109 2687 κατοψόμενος,

152 2707 185 2771 εί
195 2701 300 2791 ταύτῃ
315 2701 561 2790 ἐπιμαχώτερον
573 2699 731 2788 τυγχάνει
739 2694 780 2770 ὂν
794 2697 828 2781 ἐς
841 2697 905 2788 τῆν
917 2699 1111 2790 προσβολῆν

112 2831 138 2873 ιε
151 2803 209 2872 καί
226 2802 293 2892 ἅμα
311 2809 344 2872 εί
358 2799 419 2890 τῆν
433 2801 579 2873 Μύνδου
594 2796 627 2883 ἐξ
643 2797 824 2890 ἐπιδρομῆς
838 2800 977 2871 δύναιτο
993 2800 1112 2872 λαδάν

152 2917 345 2992 κατασχεῖν·
382 2909 517 2972 ἔσεσθαι
541 2901 606 2992 γάρ
632 2900 673 2972 ού
699 2901 841 2990 σμικράν
864 2901 928 2990 τῆν
946 2900 1111 2991 ἀφέλειαν

152 3004 187 3086 ἒς
211 3003 274 3092 τῆν
299 3010 357 3092 τῆς
380 3001 643 3094 Ἁλικαρνασσοῦ
669 3010 867 3092 πολιορκίαν
883 3003 947 3092 τῆν
964 3003 1111 3076 Μύνδον

151 3112 280 3176 οἰκείαν
305 3109 502 3194 γενομένην·
537 3111 598 3175 καί
618 3133 648 3174 τι
673 3104 730 3173 καὶ
756 3101 926 3175 ἐνεδίδοτο
952 3101 1047 3200 αύτῷ
1073 3104 1111 3177 ἐκ

150 3212 220 3276 τῶν
238 3213 425 3296 Μυνδίων,
448 3213 480 3276 εί
504 3203 604 3276 λάδοι
619 3202 744 3286 νυκτός
762 3207 972 3297 προσελθων.
1007 3203 1143 3290 αύτόςο

115 3307 215 3396 εομὲν
247 3307 289 3396 δῆ
322 3307 406 3378 κατά
436 3307 477 3376 τά
509 3314 711 3396 συγκείμενα
743 3305 830 3398 ἀμφὶ
860 3309 963 3398 μέσας
986 3309 1111 3392 νύκτας

70 3492 73 3500 .
152 3414 327 3501 προσῆλθε
344 3415 391 3504 τῷ
408 3417 522 3497 τείχει·
542 3407 586 3490 ἀς
601 3409 639 3479 δὲ
656 3406 759 3478 οὐδὲν
773 3407 942 3481 ἐνεδίδοτο
958 3407 1024 3480 ἀπό
1042 3417 1111 3480 τῶν

154 3517 266 3599 ἔνδον,
284 3515 322 3580 αλ
336 3537 372 3580 τε
384 3510 529 3599 μηχαναὶ
542 3511 599 3579 καὶ
612 3515 651 3580 αλ
665 3517 822 3599 κλίμακες
835 3508 930 3606 αύτῷ
943 3508 986 3582 ού
999 3517 1110 3600 παρῆ-
