2650 3948
228 245 269 310 14
580 240 831 301 ΔΛΕΞΑΝΔΡΟΤ

228 390 406 475 ἐφαίνοντο
428 385 625 472 τεθνηκέναι
644 381 864 474 Ἀλέξανδρον
887 382 1123 474 ἰσχυριζόμενοι
1146 383 1184 454 έν

193 486 414 575 8Ἰλλυριοῖς·
447 486 503 578 καὶ
531 484 677 576 γάρκαὶ
702 485 807 566 πολάς
831 483 849 554 ό
875 485 973 572 λόγος
999 477 1098 566 οὗτος
1127 484 1183 552 καὶ

226 588 317 678 παρά
334 594 466 658 πολλῶν
485 590 612 675 ἐφοίτα,
630 585 680 656 ὅτι
691 613 727 656 τε
743 586 868 676 χρόνον
880 584 970 673 ἀπην
983 583 1047 655 οὐκ
1065 583 1183 672 ὀλίγον

226 691 284 762 καὶ
301 689 352 760 ότι
367 687 508 777 οὐδεμία
526 685 664 775 ἀγγελία
688 685 769 777 παρ’
789 685 897 758 αὐτοῦ
921 683 1060 775 ἀφῖκτο,
1087 686 1182 774 ὥστε,

226 791 310 880 ὅπερ
327 800 422 878 φιλεῖ
437 793 475 859 ἐν
490 803 561 870 τοῖς
577 793 730 875 τοιοῖσδε,
748 785 790 858 ου’
808 787 1026 875 γινώσκοντες
1043 787 1085 857 τά
1101 787 1183 858 ὄντα
1208 817 1224 859 ι
1311 867 1312 870 ¹

225 889 268 962 τά
284 891 427 982 μάλιστα
443 889 524 960 καθ’
545 884 674 978 ἡδονήν
691 911 804 978 σφισιν
821 898 962 974 εἴκαζον.

192 1006 210 1056 4
302 993 494 1084 Πυθομένῳ
507 990 546 1061 δὲ
556 990 759 1084 Ἀλεξάνδρῳ
772 990 813 1060 τά
826 997 895 1060 ταῖν
906 997 1063 1080 Θηβαίων
1076 989 1183 1060 οάδα-

225 1101 296 1184 μοῖς
322 1094 430 1165 ἐδόκει
452 1091 614 1181 ἀμελητέα
641 1091 745 1178 εἶναι,
768 1091 830 1180 τήν
852 1121 889 1162 τε
911 1099 979 1162 τῶν
994 1090 1184 1179 Ἀθηναίων

225 1195 324 1266 πόλιν
338 1192 381 1265 δι’
397 1193 546 1278 ὑποψίας
561 1197 598 1264 έκ
610 1199 738 1264 πολλοῦ
754 1199 862 1281 ἔχοντι
873 1195 931 1264 καί
943 1197 1011 1263 τάν
1026 1199 1184 1280 Θηβαίων
1312 1255 1313 1290 3

225 1296 263 1367 τό
280 1296 431 1386 τόλμημα
449 1293 489 1365 οά
508 1301 642 1384 φαῦλον
658 1295 858 1388 ποιουμένῳ,
877 1301 910 1364 εί
924 1293 1185 1384 Λακεδαιμόνιοί
1197 1323 1224 1364 ιο
1312 1385 1313 1394 ρ

225 1425 262 1468 τε
279 1398 380 1468 πάλαι
394 1397 459 1486 ἤδη
471 1412 544 1478 ταῖς
558 1393 707 1484 γνάμαις
720 1393 942 1484 ἀφεστηκότες
954 1403 1014 1465 καί
1023 1423 1110 1476 τινες
1126 1395 1184 1464 καὶ

225 1498 319 1570 άλλοι
340 1505 409 1569 τῶν
432 1502 469 1568 έν
486 1497 735 1590 Πελοποννήσῳ
753 1497 810 1566 καὶ
827 1498 974 1568 Αἰτωλοὶ
997 1493 1038 1567 οά
1056 1497 1184 1584 βέβαιοι

226 1600 320 1683 ὄντες
330 1597 614 1686 συνεπιλήψονται
624 1604 685 1668 τοῦ
697 1603 922 1688 νεωτερισμοῦ
934 1613 1004 1679 τοῖς
1015 1604 1182 1685 Θηβαίοις.

62 1782 67 1794 ¹
192 1701 318 1789 ῠάγων
342 1701 384 1788 δη
411 1698 501 1787 παρά
525 1699 588 1788 τὴν
601 1698 778 1788 Ἐορδαίαν
798 1725 835 1768 τε
851 1701 909 1769 καὶ
925 1697 986 1788 τὴν
1000 1697 1183 1788 Ἐλιμιῶτιν

225 1804 282 1873 καὶ
307 1799 397 1890 παρά
421 1799 462 1870 τά
485 1806 544 1889 τῆς
567 1809 768 1890 Στυμφαίας
792 1801 849 1868 καὶ
872 1806 1071 1888 Παραυαίας
1096 1798 1183 1889 ἀκρα
1197 1825 1222 1868 ιε

226 1906 401 1992 ἑβδομαῖος
430 1899 616 1992 ἀφικνεῖται
647 1905 679 1983 ἐς
706 1909 877 1973 Πελίνναν
905 1907 965 1990 τῆς
993 1908 1181 1982 Θετταλίας.

226 2011 328 2076 ἔνθεν
340 2004 378 2074 δέ
395 1998 554 2094 ὁρμηθείς
568 2006 646 2093 ἕκτη
662 1998 770 2094 ἡμέρᾳ
785 2001 936 2088 ἐσβάλλει
953 2005 986 2084 ές
999 2002 1061 2091 τὴν
1073 2013 1182 2074 Bom-

225 2113 312 2193 τίαν,
332 2104 417 2175 ὥστε
434 2101 474 2174 σά
494 2103 646 2193 πρόσθεν
663 2109 699 2174 οί
714 2111 854 2192 Θηβαῖοι
872 2111 1000 2192 ἔμαθον
1013 2115 1092 2175 είσω
1105 2114 1181 2174 Πο-

226 2213 297 2276 λιόν
309 2206 565 2296 παρεληλυθότα
578 2202 685 2275 αὐτόν
697 2206 780 2296 πρὶν
794 2208 831 2274 έν
843 2202 1012 2298 Ὀγχηστῷ
1025 2206 1194 2292 γενέσθαι

191 2321 208 2370 ⁶
226 2307 289 2390 ξύν
305 2313 347 2398 τῇ
365 2311 501 2398 στρατιᾷ
518 2306 618 2396 πάση.
648 2307 706 2375 καὶ
722 2306 795 2376 τότε
813 2305 851 2376 δὲ
868 2311 904 2375 σί
918 2306 1102 2396 πράξαντες
1119 2303 1183 2394 τήν
1195 2333 1222 2376 ιο

225 2406 412 2480 ἀπόστασιν
442 2407 629 2498 στράτευμα
660 2410 696 2476 έκ
721 2412 937 2488 Μακεδονίας
964 2406 1182 2496 Ἀντιπάτρου

225 2509 369 2600 ἀφῖχθαι
394 2515 542 2598 ἔφασκον
549 2560 559 2595 ,
586 2506 692 2578 αὐτόν
718 2508 757 2578 δὲ
778 2506 997 2597 ἈλεἜανδρον
1021 2507 1184 2579 τεθνάναι

225 2617 474 2701 διισχυρίζουτο,
492 2611 549 2678 καὶ
565 2623 635 2690 τοῖς
650 2606 918 2696 ἀπαγγέλλουσιν
931 2609 983 2679 ότι
999 2603 1099 2690 οὗτος
1116 2608 1182 2678 αά-

224 2712 283 2794 τός
296 2711 457 2800 προσάγει
466 2709 683 2800 Ἀλέξανδρος
695 2714 848 2799 χαλεποῖς
862 2710 968 2799 εἶχον·
995 2709 1099 2781 ἀλλον
1115 2710 1182 2800 γάρ

224 2841 298 2884 τινα
314 2813 409 2902 ἥκειν
423 2807 645 2902 Ἀλέξανδρον
661 2809 721 2880 τόν
735 2809 906 2903 Ἀερόπου.
1194 2838 1222 2880 ει

191 2926 208 2979 ’1
297 2908 333 2986 ‘O
350 2914 389 2984 δὲ
402 2911 615 3003 Ἀλέξανδρος
631 2914 663 2995 ἐξ
674 2908 854 3001 Ὀγχηστοῦ
870 2911 953 3003 άρας
965 2914 1008 3002 τῇ
1019 2905 1183 3003 άστεραίᾳ

226 3019 373 3106 προσῆγε
395 3013 479 3105 πρὸς
501 3012 565 3102 την
588 3013 686 3084 πόλιν
707 3019 776 3084 τοῖν
794 3021 951 3102 Θηβαίων
968 3012 1051 3083 κατά
1068 3013 1104 3082 τό
1121 3019 1183 3082 τοῦ

223 3113 350 3188 Ἰολάου
367 3117 517 3205 τέμενος·
549 3107 592 3186 οό
610 3114 652 3204 δὴ
674 3116 731 3184 καὶ
749 3116 1066 3206 ἐστρατοπέδευσεν,
1092 3117 1182 3184 ἐνδι-

136 3259 145 3276 «
226 3217 308 3298 δοδς
332 3224 379 3287 ἔτι
399 3232 470 3298 τοῖς
494 3223 652 3305 Θηβαίοις
674 3215 806 3306 τριβήν,
831 3222 864 3285 εἰ
883 3215 1103 3305 μεταγνόντες
1128 3216 1183 3284 ἐπὶ

226 3333 296 3400 τοῖς
313 3321 423 3399 κακῶς
443 3319 663 3406 ἐγνωσμένοις
686 3317 947 3406 πρεσβεύσαιντο
965 3315 1046 3406 παρ’
1065 3314 1181 3386 αὐτόν.
1195 3343 1222 3385 ιο

193 3423 263 3490 soc
286 3418 325 3489 δέ
348 3418 509 3490 τοσούτου
537 3421 679 3506 ἐδέησαν
702 3417 878 3506 ἐνδόσιμόν
899 3446 930 3488 τι
943 3431 1126 3506 παρασχεῖν
1149 3419 1184 3498 ές

227 3516 404 3612 ξύμβασιν,
423 3519 507 3591 ὥστε
520 3520 694 3600 ἐκθέοντες
708 3521 744 3589 ἐκ
756 3524 814 3608 τῆς
831 3518 960 3601 πόλεως
977 3523 1012 3588 οί
1022 3545 1057 3588 τε
1070 3523 1184 3601 ίππείς

1312 2141 1315 2220 ἰ
