<?xml version="1.0" encoding="UTF-8"?>
<!DOCTYPE html PUBLIC "-//W3C//DTD XHTML 1.0 Transitional//EN"
    "http://www.w3.org/TR/xhtml1/DTD/xhtml1-transitional.dtd">
<html xmlns="http://www.w3.org/1999/xhtml" xml:lang="en" lang="en">
 <head>
  <title>
</title>
<meta http-equiv="Content-Type" content="text/html;charset=utf-8" />
  <meta name='ocr-system' content='tesseract 3.04.00' />
  <meta name='ocr-capabilities' content='ocr_page ocr_carea ocr_par ocr_line ocrx_word'/>
</head>
<body>
  <div class='ocr_page' id='page_1' title='image "./arrianianabasis00abicgoog_0345.png"; bbox 0 0 2590 3948; ppageno 0'>
   <div class='ocr_carea' id='block_1_1' title="bbox 224 237 828 307">
    <p class='ocr_par' dir='ltr' id='par_1_1' title="bbox 224 237 828 307">
     <span class='ocr_line' id='line_1_1' title="bbox 224 237 828 307; baseline -0.022 0"><span class='ocrx_word' id='word_1_1' title='bbox 224 243 288 307; x_wconf 83' lang='lat'><strong><em>314</em></strong></span> <span class='ocrx_word' id='word_1_2' title='bbox 576 237 828 298; x_wconf 69' lang='grc' dir='ltr'><strong><em>Διεωιαονου</em></strong></span> 
     </span>
    </p>
   </div>
   <div class='ocr_carea' id='block_1_2' title="bbox 190 393 1285 3624">
    <p class='ocr_par' dir='ltr' id='par_1_2' title="bbox 190 393 1285 3624">
     <span class='ocr_line' id='line_1_2' title="bbox 226 393 1193 489; baseline -0.002 -19"><span class='ocrx_word' id='word_1_3' title='bbox 226 400 462 488; x_wconf 80' lang='grc' dir='ltr'><strong><em>ἐμβαλλόντων</em></strong></span> <span class='ocrx_word' id='word_1_4' title='bbox 487 407 536 480; x_wconf 81' lang='grc' dir='ltr'><strong><em>εἰς</em></strong></span> <span class='ocrx_word' id='word_1_5' title='bbox 568 397 690 487; x_wconf 77' lang='grc' dir='ltr'><strong><em>αὐτήν·</em></strong></span> <span class='ocrx_word' id='word_1_6' title='bbox 735 401 772 468; x_wconf 77' lang='grc' dir='ltr'><strong><em>ἐκ</em></strong></span> <span class='ocrx_word' id='word_1_7' title='bbox 800 399 960 489; x_wconf 79' lang='grc' dir='ltr'><em>Βάκτρων</em></span> <span class='ocrx_word' id='word_1_8' title='bbox 992 399 1056 488; x_wconf 68' lang='grc' dir='ltr'><strong><em>μὲν</em></strong></span> <span class='ocrx_word' id='word_1_9' title='bbox 1075 393 1193 488; x_wconf 74' lang='grc' dir='ltr'><strong><em>Ὦξος,</em></strong></span> 
     </span>
     <span class='ocr_line' id='line_1_3' title="bbox 224 499 1192 589; baseline 0 -19"><span class='ocrx_word' id='word_1_10' title='bbox 224 503 376 588; x_wconf 80' lang='grc' dir='ltr'><strong><em>μέγιστος</em></strong></span> <span class='ocrx_word' id='word_1_11' title='bbox 402 507 470 569; x_wconf 87' lang='grc' dir='ltr'><strong><em>τῶν</em></strong></span> <span class='ocrx_word' id='word_1_12' title='bbox 493 499 659 570; x_wconf 80' lang='grc' dir='ltr'><strong><em>Ἀσιανῶν</em></strong></span> <span class='ocrx_word' id='word_1_13' title='bbox 684 506 856 589; x_wconf 86' lang='grc' dir='ltr'><strong><em>ποταμῶν,</em></strong></span> <span class='ocrx_word' id='word_1_14' title='bbox 885 501 973 587; x_wconf 85' lang='grc' dir='ltr'><strong><em>πλήν</em></strong></span> <span class='ocrx_word' id='word_1_15' title='bbox 998 528 1038 587; x_wconf 92' lang='grc' dir='ltr'><strong><em>γε</em></strong></span> <span class='ocrx_word' id='word_1_16' title='bbox 1055 499 1097 589; x_wconf 78' lang='grc' dir='ltr'><strong><em>δὴ</em></strong></span> <span class='ocrx_word' id='word_1_17' title='bbox 1115 505 1192 570; x_wconf 86' lang='grc' dir='ltr'><strong><em>τῶν</em></strong></span> 
     </span>
     <span class='ocr_line' id='line_1_4' title="bbox 222 600 1191 690; baseline -0.001 -18"><span class='ocrx_word' id='word_1_18' title='bbox 222 600 350 689; x_wconf 82' lang='grc' dir='ltr'><strong><em>Ἰνδῶν,</em></strong></span> <span class='ocrx_word' id='word_1_19' title='bbox 366 603 489 690; x_wconf 79' lang='grc' dir='ltr'><strong><em>ἐξίησιν</em></strong></span> <span class='ocrx_word' id='word_1_20' title='bbox 503 605 536 682; x_wconf 74' lang='grc' dir='ltr'><strong><em>ἐς</em></strong></span> <span class='ocrx_word' id='word_1_21' title='bbox 550 602 676 690; x_wconf 79' lang='grc' dir='ltr'><strong><em>ταύτην</em></strong></span> <span class='ocrx_word' id='word_1_22' title='bbox 688 602 749 690; x_wconf 82' lang='grc' dir='ltr'><strong><em>τὴν</em></strong></span> <span class='ocrx_word' id='word_1_23' title='bbox 762 601 951 688; x_wconf 86' lang='grc' dir='ltr'><strong><em>θάλασσαν,</em></strong></span> <span class='ocrx_word' id='word_1_24' title='bbox 965 601 1021 671; x_wconf 83' lang='grc' dir='ltr'><strong><em>διά</em></strong></span> <span class='ocrx_word' id='word_1_25' title='bbox 1032 606 1191 672; x_wconf 78' lang='grc' dir='ltr'><strong><em>Σκυθῶν</em></strong></span> 
     </span>
     <span class='ocr_line' id='line_1_5' title="bbox 225 699 1191 794; baseline 0.003 -24"><span class='ocrx_word' id='word_1_26' title='bbox 225 703 262 772; x_wconf 79' lang='grc' dir='ltr'><strong><em>δὲ</em></strong></span> <span class='ocrx_word' id='word_1_27' title='bbox 286 702 465 794; x_wconf 78' lang='grc' dir='ltr'><em>Ἰαξάρτης·</em></span> <span class='ocrx_word' id='word_1_28' title='bbox 492 706 549 771; x_wconf 81' lang='grc' dir='ltr'><strong><em>καί</em></strong></span> <span class='ocrx_word' id='word_1_29' title='bbox 576 703 636 772; x_wconf 84' lang='grc' dir='ltr'><strong><em>τόν</em></strong></span> <span class='ocrx_word' id='word_1_30' title='bbox 654 699 793 791; x_wconf 80' lang='grc' dir='ltr'><strong><em>Ἀράξην</em></strong></span> <span class='ocrx_word' id='word_1_31' title='bbox 819 703 857 772; x_wconf 70' lang='grc' dir='ltr'><strong><em>δὲ</em></strong></span> <span class='ocrx_word' id='word_1_32' title='bbox 874 702 934 772; x_wconf 88' lang='grc' dir='ltr'><strong><em>τόν</em></strong></span> <span class='ocrx_word' id='word_1_33' title='bbox 953 705 985 785; x_wconf 74' lang='grc' dir='ltr'><strong><em>ἐξ</em></strong></span> <span class='ocrx_word' id='word_1_34' title='bbox 1003 701 1191 791; x_wconf 72' lang='grc' dir='ltr'><strong><em>Ἀρμενίων</em></strong></span> 
     </span>
     <span class='ocr_line' id='line_1_6' title="bbox 225 802 1217 893; baseline 0.003 -20"><span class='ocrx_word' id='word_1_35' title='bbox 225 806 345 892; x_wconf 84' lang='grc' dir='ltr'><strong><em>ρίοντα</em></strong></span> <span class='ocrx_word' id='word_1_36' title='bbox 363 807 396 886; x_wconf 80' lang='grc' dir='ltr'><strong><em>ἐς</em></strong></span> <span class='ocrx_word' id='word_1_37' title='bbox 413 804 541 892; x_wconf 75' lang='grc' dir='ltr'><strong><em>ταύτην</em></strong></span> <span class='ocrx_word' id='word_1_38' title='bbox 560 805 730 893; x_wconf 77' lang='grc' dir='ltr'><strong><em>ἐσβάλλειν</em></strong></span> <span class='ocrx_word' id='word_1_39' title='bbox 747 803 766 872; x_wconf 90' lang='grc' dir='ltr'>ὁ</span> <span class='ocrx_word' id='word_1_40' title='bbox 785 811 910 873; x_wconf 84' lang='grc' dir='ltr'><strong><em>πλείων</em></strong></span> <span class='ocrx_word' id='word_1_41' title='bbox 927 802 1027 890; x_wconf 92' lang='grc' dir='ltr'><strong><em>λόγος</em></strong></span> <span class='ocrx_word' id='word_1_42' title='bbox 1045 805 1217 892; x_wconf 65' lang='grc' dir='ltr'><strong><em>κατέχετε</em></strong></span> 
     </span>
     <span class='ocr_line' id='line_1_7' title="bbox 191 898 1191 993; baseline -0.002 -16"><span class='ocrx_word' id='word_1_43' title='bbox 191 908 372 993; x_wconf 80' lang='grc' dir='ltr'><strong><em>ιμέγιστοι</em></strong></span> <span class='ocrx_word' id='word_1_44' title='bbox 396 905 459 992; x_wconf 74' lang='grc' dir='ltr'><strong><em>μὲν</em></strong></span> <span class='ocrx_word' id='word_1_45' title='bbox 485 898 593 974; x_wconf 78' lang='grc' dir='ltr'><strong><em>οὖτοι·</em></strong></span> <span class='ocrx_word' id='word_1_46' title='bbox 633 905 750 976; x_wconf 76' lang='grc' dir='ltr'><strong><em>πολλοὶ</em></strong></span> <span class='ocrx_word' id='word_1_47' title='bbox 778 905 816 974; x_wconf 67' lang='grc' dir='ltr'><strong><em>δὲ</em></strong></span> <span class='ocrx_word' id='word_1_48' title='bbox 842 905 883 992; x_wconf 81' lang='grc' dir='ltr'><strong><em>δὴ</em></strong></span> <span class='ocrx_word' id='word_1_49' title='bbox 908 907 965 974; x_wconf 76' lang='grc' dir='ltr'><strong><em>καὶ</em></strong></span> <span class='ocrx_word' id='word_1_50' title='bbox 984 903 1079 973; x_wconf 79' lang='grc' dir='ltr'><strong><em>ἄλλοι</em></strong></span> <span class='ocrx_word' id='word_1_51' title='bbox 1097 911 1132 986; x_wconf 81' lang='grc' dir='ltr'><strong><em>ἔς</em></strong></span> <span class='ocrx_word' id='word_1_52' title='bbox 1149 933 1191 976; x_wconf 82' lang='grc' dir='ltr'><strong><em>τε</em></strong></span> 
     </span>
     <span class='ocr_line' id='line_1_8' title="bbox 224 1003 1190 1096; baseline -0.002 -20"><span class='ocrx_word' id='word_1_53' title='bbox 224 1008 366 1086; x_wconf 78' lang='grc' dir='ltr'><em>τούτους</em></span> <span class='ocrx_word' id='word_1_54' title='bbox 395 1003 621 1094; x_wconf 63' lang='grc' dir='ltr'><strong><em>ἐμβάλλοντες</em></strong></span> <span class='ocrx_word' id='word_1_55' title='bbox 648 1007 705 1076; x_wconf 79' lang='grc' dir='ltr'><strong><em>καὶ</em></strong></span> <span class='ocrx_word' id='word_1_56' title='bbox 732 1003 830 1075; x_wconf 81' lang='grc' dir='ltr'><strong><em>αότοί</em></strong></span> <span class='ocrx_word' id='word_1_57' title='bbox 855 1007 910 1074; x_wconf 81' lang='grc' dir='ltr'><strong><em>ἐπὶ</em></strong></span> <span class='ocrx_word' id='word_1_58' title='bbox 937 1011 1035 1094; x_wconf 82' lang='grc' dir='ltr'><strong><em>σφῶν</em></strong></span> <span class='ocrx_word' id='word_1_59' title='bbox 1063 1009 1097 1086; x_wconf 75' lang='grc' dir='ltr'><strong><em>ἐς</em></strong></span> <span class='ocrx_word' id='word_1_60' title='bbox 1123 1007 1190 1096; x_wconf 79' lang='grc' dir='ltr'><strong><em>τὴν</em></strong></span> 
     </span>
     <span class='ocr_line' id='line_1_9' title="bbox 223 1106 1191 1196; baseline -0.001 -18"><span class='ocrx_word' id='word_1_61' title='bbox 223 1108 401 1178; x_wconf 85' lang='grc' dir='ltr'><strong><em>θάλασσαν</em></strong></span> <span class='ocrx_word' id='word_1_62' title='bbox 426 1106 553 1196; x_wconf 78' lang='grc' dir='ltr'><strong><em>ταύτην</em></strong></span> <span class='ocrx_word' id='word_1_63' title='bbox 580 1108 716 1194; x_wconf 77' lang='grc' dir='ltr'><strong><em>ἐξιᾶσιν,</em></strong></span> <span class='ocrx_word' id='word_1_64' title='bbox 743 1112 779 1176; x_wconf 91' lang='grc' dir='ltr'><strong><em>οί</em></strong></span> <span class='ocrx_word' id='word_1_65' title='bbox 791 1106 854 1195; x_wconf 77' lang='grc' dir='ltr'><strong><em>μὲν</em></strong></span> <span class='ocrx_word' id='word_1_66' title='bbox 871 1107 927 1175; x_wconf 75' lang='grc' dir='ltr'><strong><em>καὶ</em></strong></span> <span class='ocrx_word' id='word_1_67' title='bbox 945 1108 1191 1196; x_wconf 77' lang='grc' dir='ltr'><strong><em>γινωσκόμενοι</em></strong></span> 
     </span>
     <span class='ocr_line' id='line_1_10' title="bbox 225 1205 1190 1298; baseline 0.002 -21"><span class='ocrx_word' id='word_1_68' title='bbox 225 1211 309 1297; x_wconf 85' lang='grc' dir='ltr'><strong><em>πρὸς</em></strong></span> <span class='ocrx_word' id='word_1_69' title='bbox 342 1213 412 1277; x_wconf 88' lang='grc' dir='ltr'><strong><em>τῶν</em></strong></span> <span class='ocrx_word' id='word_1_70' title='bbox 437 1205 521 1297; x_wconf 80' lang='grc' dir='ltr'><strong><em>ἄμφ’</em></strong></span> <span class='ocrx_word' id='word_1_71' title='bbox 545 1207 765 1297; x_wconf 76' lang='grc' dir='ltr'><strong><em>Ἀλέξανδρον</em></strong></span> <span class='ocrx_word' id='word_1_72' title='bbox 793 1206 1006 1277; x_wconf 77' lang='grc' dir='ltr'><strong><em>ἐπελθόντων</em></strong></span> <span class='ocrx_word' id='word_1_73' title='bbox 1032 1209 1073 1278; x_wconf 83' lang='grc' dir='ltr'><strong><em>τά</em></strong></span> <span class='ocrx_word' id='word_1_74' title='bbox 1101 1215 1190 1298; x_wconf 86' lang='grc' dir='ltr'><strong><em>ἔθνη</em></strong></span> 
     </span>
     <span class='ocr_line' id='line_1_11' title="bbox 225 1307 1229 1397; baseline 0.002 -19"><span class='ocrx_word' id='word_1_75' title='bbox 225 1316 343 1397; x_wconf 82' lang='grc' dir='ltr'><strong><em>ταῦτα,</em></strong></span> <span class='ocrx_word' id='word_1_76' title='bbox 370 1315 407 1380; x_wconf 93' lang='grc' dir='ltr'><strong><em>οί</em></strong></span> <span class='ocrx_word' id='word_1_77' title='bbox 429 1309 467 1378; x_wconf 71' lang='grc' dir='ltr'><strong><em>δὲ</em></strong></span> <span class='ocrx_word' id='word_1_78' title='bbox 492 1308 576 1378; x_wconf 83' lang='grc' dir='ltr'><strong><em>κατά</em></strong></span> <span class='ocrx_word' id='word_1_79' title='bbox 602 1307 643 1378; x_wconf 82' lang='grc' dir='ltr'><strong><em>τά</em></strong></span> <span class='ocrx_word' id='word_1_80' title='bbox 671 1307 724 1378; x_wconf 82' lang='grc' dir='ltr'><strong><em>ἐπ’</em></strong></span> <span class='ocrx_word' id='word_1_81' title='bbox 754 1311 864 1377; x_wconf 78' lang='grc' dir='ltr'><strong><em>ἐκεῖνα</em></strong></span> <span class='ocrx_word' id='word_1_82' title='bbox 889 1311 950 1378; x_wconf 81' lang='grc' dir='ltr'><strong><em>τοῦ</em></strong></span> <span class='ocrx_word' id='word_1_83' title='bbox 968 1310 1112 1397; x_wconf 82' lang='grc' dir='ltr'><strong><em>κόλπου,</em></strong></span> <span class='ocrx_word' id='word_1_84' title='bbox 1141 1309 1229 1390; x_wconf 81' lang='grc' dir='ltr'><strong><em>ῶςιο</em></strong></span> 
     </span>
     <span class='ocr_line' id='line_1_12' title="bbox 226 1407 1189 1500; baseline 0 -20"><span class='ocrx_word' id='word_1_85' title='bbox 226 1412 326 1499; x_wconf 86' lang='grc' dir='ltr'><strong><em>είκός,</em></strong></span> <span class='ocrx_word' id='word_1_86' title='bbox 355 1409 401 1500; x_wconf 82' lang='grc' dir='ltr'><strong><em>[ἐς</em></strong></span> <span class='ocrx_word' id='word_1_87' title='bbox 418 1409 499 1492; x_wconf 80' lang='grc' dir='ltr'><strong><em>τούς</em></strong></span> <span class='ocrx_word' id='word_1_88' title='bbox 518 1411 659 1490; x_wconf 76' lang='grc' dir='ltr'><strong><em>Σκύθας</em></strong></span> <span class='ocrx_word' id='word_1_89' title='bbox 677 1408 757 1490; x_wconf 82' lang='grc' dir='ltr'><strong><em>τούς</em></strong></span> <span class='ocrx_word' id='word_1_90' title='bbox 775 1408 951 1499; x_wconf 78' lang='grc' dir='ltr'><strong><em>Νομάδας]</em></strong></span> <span class='ocrx_word' id='word_1_91' title='bbox 972 1407 992 1479; x_wconf 85' lang='grc' dir='ltr'><strong><em>δ</em></strong></span> <span class='ocrx_word' id='word_1_92' title='bbox 1010 1409 1052 1498; x_wconf 79' lang='grc' dir='ltr'><strong><em>δὴ</em></strong></span> <span class='ocrx_word' id='word_1_93' title='bbox 1070 1409 1189 1498; x_wconf 74' lang='grc' dir='ltr'><strong><em>άγνω-</em></strong></span> 
     </span>
     <span class='ocr_line' id='line_1_13' title="bbox 225 1511 571 1600; baseline -0.006 -18"><span class='ocrx_word' id='word_1_94' title='bbox 225 1535 306 1582; x_wconf 84' lang='grc' dir='ltr'><strong><em>στου</em></strong></span> <span class='ocrx_word' id='word_1_95' title='bbox 333 1511 442 1600; x_wconf 87' lang='grc' dir='ltr'><strong><em>πάντη</em></strong></span> <span class='ocrx_word' id='word_1_96' title='bbox 470 1515 571 1581; x_wconf 82' lang='grc' dir='ltr'><strong><em>ἐστίν.</em></strong></span> 
     </span>
     <span class='ocr_line' id='line_1_14' title="bbox 190 1606 1190 1700; baseline 0.007 -24"><span class='ocrx_word' id='word_1_97' title='bbox 190 1627 206 1676; x_wconf 85' lang='grc' dir='ltr'><strong><em>σ</em></strong></span> <span class='ocrx_word' id='word_1_98' title='bbox 294 1610 514 1698; x_wconf 82' lang='grc' dir='ltr'><strong><em>Ἀλέξανδρος</em></strong></span> <span class='ocrx_word' id='word_1_99' title='bbox 540 1611 578 1680; x_wconf 69' lang='grc' dir='ltr'><strong><em>δὲ</em></strong></span> <span class='ocrx_word' id='word_1_100' title='bbox 605 1609 650 1691; x_wconf 81' lang='grc' dir='ltr'><strong><em>ῶς</em></strong></span> <span class='ocrx_word' id='word_1_101' title='bbox 675 1612 736 1680; x_wconf 85' lang='grc' dir='ltr'><strong><em>τὸν</em></strong></span> <span class='ocrx_word' id='word_1_102' title='bbox 768 1619 914 1700; x_wconf 77' lang='grc' dir='ltr'><strong><em>Τίγρητα</em></strong></span> <span class='ocrx_word' id='word_1_103' title='bbox 941 1611 1093 1700; x_wconf 82' lang='grc' dir='ltr'><strong><em>ποταμόν</em></strong></span> <span class='ocrx_word' id='word_1_104' title='bbox 1121 1606 1190 1695; x_wconf 80' lang='grc' dir='ltr'><strong><em>ξόν</em></strong></span> 
     </span>
     <span class='ocr_line' id='line_1_15' title="bbox 223 1713 1189 1803; baseline 0.001 -21"><span class='ocrx_word' id='word_1_105' title='bbox 223 1719 267 1803; x_wconf 81' lang='grc' dir='ltr'><strong><em>τῇ</em></strong></span> <span class='ocrx_word' id='word_1_106' title='bbox 285 1719 421 1802; x_wconf 81' lang='grc' dir='ltr'><strong><em>στρατιᾷ</em></strong></span> <span class='ocrx_word' id='word_1_107' title='bbox 439 1713 531 1801; x_wconf 74' lang='grc' dir='ltr'><strong><em>διέβη</em></strong></span> <span class='ocrx_word' id='word_1_108' title='bbox 550 1713 704 1782; x_wconf 79' lang='grc' dir='ltr'><strong><em>ἐλαύνων</em></strong></span> <span class='ocrx_word' id='word_1_109' title='bbox 723 1713 778 1782; x_wconf 78' lang='grc' dir='ltr'><strong><em>ἐπὶ</em></strong></span> <span class='ocrx_word' id='word_1_110' title='bbox 795 1715 1014 1802; x_wconf 86' lang='grc' dir='ltr'><strong><em>Βαβυλῶνος,</em></strong></span> <span class='ocrx_word' id='word_1_111' title='bbox 1033 1717 1189 1784; x_wconf 79' lang='grc' dir='ltr'><strong><em>ἐνταῦθα</em></strong></span> 
     </span>
     <span class='ocr_line' id='line_1_16' title="bbox 225 1811 1226 1905; baseline 0.002 -21"><span class='ocrx_word' id='word_1_112' title='bbox 225 1813 486 1902; x_wconf 79' lang='grc' dir='ltr'><strong><em>ἐντυγχάνουσιν</em></strong></span> <span class='ocrx_word' id='word_1_113' title='bbox 502 1811 596 1905; x_wconf 73' lang='grc' dir='ltr'><strong><em>αὐτῷ</em></strong></span> <span class='ocrx_word' id='word_1_114' title='bbox 605 1817 787 1885; x_wconf 83' lang='grc' dir='ltr'><strong><em>Χαλδαίων</em></strong></span> <span class='ocrx_word' id='word_1_115' title='bbox 800 1819 837 1882; x_wconf 91' lang='grc' dir='ltr'><strong><em>οί</em></strong></span> <span class='ocrx_word' id='word_1_116' title='bbox 847 1815 963 1902; x_wconf 83' lang='grc' dir='ltr'><strong><em>λόγιοι,</em></strong></span> <span class='ocrx_word' id='word_1_117' title='bbox 977 1817 1034 1884; x_wconf 81' lang='grc' dir='ltr'><strong><em>καὶ</em></strong></span> <span class='ocrx_word' id='word_1_118' title='bbox 1048 1813 1187 1902; x_wconf 87' lang='grc' dir='ltr'><strong><em>άπαγα·</em></strong></span> <span class='ocrx_word' id='word_1_119' title='bbox 1202 1848 1226 1888; x_wconf 78' lang='lat'><strong><em>1⁵</em></strong></span> 
     </span>
     <span class='ocr_line' id='line_1_17' title="bbox 224 1913 1187 2005; baseline 0.003 -21"><span class='ocrx_word' id='word_1_120' title='bbox 224 1915 339 2002; x_wconf 85' lang='grc' dir='ltr'><strong><em>γόντες</em></strong></span> <span class='ocrx_word' id='word_1_121' title='bbox 357 1913 423 1984; x_wconf 87' lang='grc' dir='ltr'><strong><em>άπδ</em></strong></span> <span class='ocrx_word' id='word_1_122' title='bbox 449 1919 518 1984; x_wconf 84' lang='grc' dir='ltr'><strong><em>τῶν</em></strong></span> <span class='ocrx_word' id='word_1_123' title='bbox 545 1916 686 2005; x_wconf 80' lang='grc' dir='ltr'><strong><em>ἑταίρων</em></strong></span> <span class='ocrx_word' id='word_1_124' title='bbox 714 1918 847 1985; x_wconf 77' lang='grc' dir='ltr'><strong><em>ἐδέοντο</em></strong></span> <span class='ocrx_word' id='word_1_125' title='bbox 874 1918 1021 2004; x_wconf 76' lang='grc' dir='ltr'><strong><em>ἐπισχεῖν</em></strong></span> <span class='ocrx_word' id='word_1_126' title='bbox 1046 1917 1110 2004; x_wconf 82' lang='grc' dir='ltr'><strong><em>τὴν</em></strong></span> <span class='ocrx_word' id='word_1_127' title='bbox 1131 1920 1187 1988; x_wconf 79' lang='grc' dir='ltr'><strong><em>ἐπὶ</em></strong></span> 
     </span>
     <span class='ocr_line' id='line_1_18' title="bbox 225 2015 1188 2106; baseline 0.001 -20"><span class='ocrx_word' id='word_1_128' title='bbox 225 2018 429 2105; x_wconf 87' lang='grc' dir='ltr'><strong><em>Βαβυλῶνος</em></strong></span> <span class='ocrx_word' id='word_1_129' title='bbox 463 2023 584 2085; x_wconf 78' lang='grc' dir='ltr'><strong><em>ἔλασιν.</em></strong></span> <span class='ocrx_word' id='word_1_130' title='bbox 637 2015 751 2101; x_wconf 93' lang='grc' dir='ltr'><strong><em>λόγιον</em></strong></span> <span class='ocrx_word' id='word_1_131' title='bbox 776 2017 842 2104; x_wconf 88' lang='grc' dir='ltr'><strong><em>γάρ</em></strong></span> <span class='ocrx_word' id='word_1_132' title='bbox 868 2019 1042 2102; x_wconf 82' lang='grc' dir='ltr'><strong><em>γεγονέναι</em></strong></span> <span class='ocrx_word' id='word_1_133' title='bbox 1067 2027 1188 2106; x_wconf 88' lang='grc' dir='ltr'><strong><em>σφίσιν</em></strong></span> 
     </span>
     <span class='ocr_line' id='line_1_19' title="bbox 226 2115 1285 2205; baseline 0.004 -19"><span class='ocrx_word' id='word_1_134' title='bbox 226 2120 262 2186; x_wconf 89' lang='grc' dir='ltr'><strong><em>εἰι</em></strong></span> <span class='ocrx_word' id='word_1_135' title='bbox 288 2119 348 2186; x_wconf 81' lang='grc' dir='ltr'><strong><em>τοῦ</em></strong></span> <span class='ocrx_word' id='word_1_136' title='bbox 374 2119 458 2186; x_wconf 81' lang='grc' dir='ltr'><strong><em>θεοῦ</em></strong></span> <span class='ocrx_word' id='word_1_137' title='bbox 485 2118 545 2186; x_wconf 80' lang='grc' dir='ltr'><strong><em>τοῦ</em></strong></span> <span class='ocrx_word' id='word_1_138' title='bbox 572 2116 685 2202; x_wconf 83' lang='grc' dir='ltr'><strong><em>Βήλου</em></strong></span> <span class='ocrx_word' id='word_1_139' title='bbox 711 2115 756 2203; x_wconf 76' lang='grc' dir='ltr'><strong><em>μὴ</em></strong></span> <span class='ocrx_word' id='word_1_140' title='bbox 783 2118 868 2205; x_wconf 83' lang='grc' dir='ltr'><strong><em>πρὸς</em></strong></span> <span class='ocrx_word' id='word_1_141' title='bbox 895 2117 1029 2204; x_wconf 80' lang='grc' dir='ltr'><strong><em>άγαθοό</em></strong></span> <span class='ocrx_word' id='word_1_142' title='bbox 1049 2124 1085 2188; x_wconf 90' lang='grc' dir='ltr'><strong><em>οί</em></strong></span> <span class='ocrx_word' id='word_1_143' title='bbox 1099 2118 1188 2188; x_wconf 78' lang='grc' dir='ltr'><strong><em>εἶναι</em></strong></span> <span class='ocrx_word' id='word_1_144' title='bbox 1284 2177 1285 2191; x_wconf 66' lang='grc'><strong><em>,</em></strong></span> 
     </span>
     <span class='ocr_line' id='line_1_20' title="bbox 191 2216 1187 2310; baseline 0.009 -29"><span class='ocrx_word' id='word_1_145' title='bbox 191 2217 287 2307; x_wconf 79' lang='grc' dir='ltr'><strong><em>στὴν</em></strong></span> <span class='ocrx_word' id='word_1_146' title='bbox 313 2216 465 2307; x_wconf 84' lang='grc' dir='ltr'><strong><em>πάροδον</em></strong></span> <span class='ocrx_word' id='word_1_147' title='bbox 491 2217 553 2306; x_wconf 79' lang='grc' dir='ltr'><strong><em>τὴν</em></strong></span> <span class='ocrx_word' id='word_1_148' title='bbox 580 2220 613 2297; x_wconf 80' lang='grc' dir='ltr'><strong><em>ἐς</em></strong></span> <span class='ocrx_word' id='word_1_149' title='bbox 631 2222 821 2303; x_wconf 87' lang='grc' dir='ltr'><strong><em>Βαβυλῶνα</em></strong></span> <span class='ocrx_word' id='word_1_150' title='bbox 840 2222 877 2287; x_wconf 74' lang='grc' dir='ltr'><strong><em>ἐν</em></strong></span> <span class='ocrx_word' id='word_1_151' title='bbox 894 2223 940 2310; x_wconf 76' lang='grc' dir='ltr'><strong><em>τῶ</em></strong></span> <span class='ocrx_word' id='word_1_152' title='bbox 958 2219 1040 2288; x_wconf 84' lang='grc' dir='ltr'><strong><em>τότε.</em></strong></span> <span class='ocrx_word' id='word_1_153' title='bbox 1068 2220 1129 2288; x_wconf 85' lang='grc' dir='ltr'><strong><em>τόν</em></strong></span> <span class='ocrx_word' id='word_1_154' title='bbox 1147 2221 1187 2290; x_wconf 71' lang='grc' dir='ltr'><strong><em>δὲ</em></strong></span> 
     </span>
     <span class='ocr_line' id='line_1_21' title="bbox 224 2315 1284 2421; baseline 0.003 -33"><span class='ocrx_word' id='word_1_155' title='bbox 224 2319 472 2408; x_wconf 76' lang='grc' dir='ltr'><strong><em>ἀποκρίνασθαι</em></strong></span> <span class='ocrx_word' id='word_1_156' title='bbox 502 2317 618 2398; x_wconf 72' lang='grc' dir='ltr'><strong><em>αὐτοις</em></strong></span> <span class='ocrx_word' id='word_1_157' title='bbox 651 2317 751 2405; x_wconf 87' lang='grc' dir='ltr'><strong><em>λόγος</em></strong></span> <span class='ocrx_word' id='word_1_158' title='bbox 785 2317 871 2408; x_wconf 79' lang='grc' dir='ltr'><strong><em>[τοῦ]</em></strong></span> <span class='ocrx_word' id='word_1_159' title='bbox 899 2315 1089 2410; x_wconf 74' lang='grc' dir='ltr'><strong><em>Εὐριπίδου</em></strong></span> <span class='ocrx_word' id='word_1_160' title='bbox 1121 2327 1226 2390; x_wconf 75' lang='grc' dir='ltr'><strong><em>τοῦτο</em></strong></span> <span class='ocrx_word' id='word_1_161' title='bbox 1283 2393 1284 2421; x_wconf 31' lang='grc' dir='ltr'><strong><em>ρ</em></strong></span> 
     </span>
     <span class='ocr_line' id='line_1_22' title="bbox 224 2412 1132 2510; baseline -0.001 -19"><span class='ocrx_word' id='word_1_162' title='bbox 224 2424 362 2510; x_wconf 79' lang='grc' dir='ltr'><strong><em>ποιητοῦ</em></strong></span> <span class='ocrx_word' id='word_1_163' title='bbox 391 2427 483 2502; x_wconf 81' lang='grc' dir='ltr'><strong><em>ἔπος·</em></strong></span> <span class='ocrx_word' id='word_1_164' title='bbox 525 2427 590 2507; x_wconf 77' lang='grc' dir='ltr'><strong><em>ἔχει</em></strong></span> <span class='ocrx_word' id='word_1_165' title='bbox 616 2418 655 2488; x_wconf 75' lang='grc' dir='ltr'><strong><em>δὲ·</em></strong></span> <span class='ocrx_word' id='word_1_166' title='bbox 679 2419 717 2488; x_wconf 87' lang='grc' dir='ltr'><strong><em>τό</em></strong></span> <span class='ocrx_word' id='word_1_167' title='bbox 747 2426 825 2499; x_wconf 82' lang='grc' dir='ltr'><strong><em>ἔπος</em></strong></span> <span class='ocrx_word' id='word_1_168' title='bbox 855 2416 1024 2510; x_wconf 70' lang='grc' dir='ltr'><strong><em>Εὐριπίδη</em></strong></span> <span class='ocrx_word' id='word_1_169' title='bbox 1051 2412 1132 2490; x_wconf 84' lang='grc' dir='ltr'><strong><em>ῶδε·</em></strong></span> 
     </span>
     <span class='ocr_line' id='line_1_23' title="bbox 324 2518 1081 2611; baseline -0.003 -19"><span class='ocrx_word' id='word_1_170' title='bbox 324 2522 459 2602; x_wconf 86' lang='grc' dir='ltr'><strong><em>Μάντις</em></strong></span> <span class='ocrx_word' id='word_1_171' title='bbox 485 2518 518 2590; x_wconf 86' lang='grc' dir='ltr'><strong><em>δ’</em></strong></span> <span class='ocrx_word' id='word_1_172' title='bbox 543 2521 676 2611; x_wconf 80' lang='grc' dir='ltr'><strong><em>ἄριστος</em></strong></span> <span class='ocrx_word' id='word_1_173' title='bbox 702 2519 792 2602; x_wconf 80' lang='grc' dir='ltr'><strong><em>ὅστις</em></strong></span> <span class='ocrx_word' id='word_1_174' title='bbox 818 2522 938 2605; x_wconf 81' lang='grc' dir='ltr'><strong><em>εἰκάζει</em></strong></span> <span class='ocrx_word' id='word_1_175' title='bbox 964 2525 1081 2603; x_wconf 87' lang='grc' dir='ltr'><strong><em>καλῶς.</em></strong></span> 
     </span>
     <span class='ocr_line' id='line_1_24' title="bbox 224 2615 1283 2713; baseline 0 -20"><span class='ocrx_word' id='word_1_176' title='bbox 224 2622 267 2694; x_wconf 83' lang='grc' dir='ltr'><strong><em>σά</em></strong></span> <span class='ocrx_word' id='word_1_177' title='bbox 296 2624 345 2710; x_wconf 83' lang='grc' dir='ltr'><strong><em>δέ,</em></strong></span> <span class='ocrx_word' id='word_1_178' title='bbox 374 2615 400 2691; x_wconf 82' lang='grc' dir='ltr'><em>ὦ</em></span> <span class='ocrx_word' id='word_1_179' title='bbox 426 2629 582 2713; x_wconf 79' lang='grc' dir='ltr'><strong><em>βασιλεῦ,</em></strong></span> <span class='ocrx_word' id='word_1_180' title='bbox 611 2629 742 2710; x_wconf 81' lang='grc' dir='ltr'><strong><em>ἔφασαν</em></strong></span> <span class='ocrx_word' id='word_1_181' title='bbox 767 2627 803 2692; x_wconf 92' lang='grc' dir='ltr'><strong><em>οί</em></strong></span> <span class='ocrx_word' id='word_1_182' title='bbox 827 2629 1001 2710; x_wconf 78' lang='grc' dir='ltr'><strong><em>Χαλδαῖοι,</em></strong></span> <span class='ocrx_word' id='word_1_183' title='bbox 1028 2621 1073 2712; x_wconf 77' lang='grc' dir='ltr'><strong><em>μὴ</em></strong></span> <span class='ocrx_word' id='word_1_184' title='bbox 1099 2625 1187 2711; x_wconf 84' lang='grc' dir='ltr'><strong><em>πρὸς</em></strong></span> <span class='ocrx_word' id='word_1_185' title='bbox 1282 2621 1283 2649; x_wconf 61' lang='grc'>’</span> 
     </span>
     <span class='ocr_line' id='line_1_25' title="bbox 224 2722 1184 2815; baseline 0 -22"><span class='ocrx_word' id='word_1_186' title='bbox 224 2723 355 2811; x_wconf 87' lang='grc' dir='ltr'><strong><em>δυσμάς</em></strong></span> <span class='ocrx_word' id='word_1_187' title='bbox 381 2722 522 2813; x_wconf 86' lang='grc' dir='ltr'><strong><em>άφορῶυ</em></strong></span> <span class='ocrx_word' id='word_1_188' title='bbox 555 2722 657 2802; x_wconf 77' lang='grc' dir='ltr'><strong><em>αὐτὸς</em></strong></span> <span class='ocrx_word' id='word_1_189' title='bbox 689 2724 772 2811; x_wconf 73' lang='grc' dir='ltr'><strong><em>μηδὲ</em></strong></span> <span class='ocrx_word' id='word_1_190' title='bbox 804 2724 866 2812; x_wconf 84' lang='grc' dir='ltr'><strong><em>τὴν</em></strong></span> <span class='ocrx_word' id='word_1_191' title='bbox 892 2723 1049 2814; x_wconf 88' lang='grc' dir='ltr'><strong><em>στρατιάν</em></strong></span> <span class='ocrx_word' id='word_1_192' title='bbox 1075 2727 1184 2815; x_wconf 77' lang='grc' dir='ltr'><strong><em>ταύτῃ</em></strong></span> 
     </span>
     <span class='ocr_line' id='line_1_26' title="bbox 225 2821 1282 2913; baseline 0.001 -19"><span class='ocrx_word' id='word_1_193' title='bbox 225 2826 411 2913; x_wconf 78' lang='grc' dir='ltr'><strong><em>ἐπέχουσαν</em></strong></span> <span class='ocrx_word' id='word_1_194' title='bbox 427 2825 522 2912; x_wconf 86' lang='grc' dir='ltr'><strong><em>άγων</em></strong></span> <span class='ocrx_word' id='word_1_195' title='bbox 538 2832 735 2912; x_wconf 75' lang='grc' dir='ltr'><strong><em>παρελθεῖν·</em></strong></span> <span class='ocrx_word' id='word_1_196' title='bbox 761 2821 846 2893; x_wconf 85' lang='grc' dir='ltr'><strong><em>άλλά</em></strong></span> <span class='ocrx_word' id='word_1_197' title='bbox 863 2824 1085 2913; x_wconf 80' lang='grc' dir='ltr'><strong><em>ἐκπεριελθῶν</em></strong></span> <span class='ocrx_word' id='word_1_198' title='bbox 1099 2827 1187 2912; x_wconf 86' lang='grc' dir='ltr'><strong><em>πρὸς</em></strong></span> <span class='ocrx_word' id='word_1_199' title='bbox 1200 2863 1225 2902; x_wconf 69' lang='lat'><strong><em>2⁵</em></strong></span> <span class='ocrx_word' id='word_1_200' title='bbox 1281 2841 1282 2879; x_wconf 61' lang='grc' dir='ltr'><strong><em>λ</em></strong></span> 
     </span>
     <span class='ocr_line' id='line_1_27' title="bbox 191 2924 1186 3018; baseline 0.007 -29"><span class='ocrx_word' id='word_1_201' title='bbox 191 2939 206 2989; x_wconf 77' lang='grc'><strong>7</strong></span> <span class='ocrx_word' id='word_1_202' title='bbox 227 2929 269 2996; x_wconf 78' lang='grc' dir='ltr'><strong><em>ἕω</em></strong></span> <span class='ocrx_word' id='word_1_203' title='bbox 286 2933 426 3014; x_wconf 88' lang='grc' dir='ltr'><strong><em>μάλλον.</em></strong></span> <span class='ocrx_word' id='word_1_204' title='bbox 466 2927 513 3018; x_wconf 77' lang='grc' dir='ltr'><strong><em>τῷ</em></strong></span> <span class='ocrx_word' id='word_1_205' title='bbox 539 2924 577 2992; x_wconf 72' lang='grc' dir='ltr'><strong><em>δὲ</em></strong></span> <span class='ocrx_word' id='word_1_206' title='bbox 596 2924 676 2994; x_wconf 74' lang='grc' dir='ltr'><strong><em>οὐδὲ</em></strong></span> <span class='ocrx_word' id='word_1_207' title='bbox 696 2931 796 2994; x_wconf 84' lang='grc' dir='ltr'><strong><em>τοῦτο</em></strong></span> <span class='ocrx_word' id='word_1_208' title='bbox 814 2925 957 3014; x_wconf 68' lang='grc' dir='ltr'><strong><em>εὐμαρὲς</em></strong></span> <span class='ocrx_word' id='word_1_209' title='bbox 975 2929 1029 2996; x_wconf 82' lang='grc' dir='ltr'><strong><em>διὰ</em></strong></span> <span class='ocrx_word' id='word_1_210' title='bbox 1049 2932 1186 3014; x_wconf 85' lang='grc' dir='ltr'><strong><em>δυσχω-</em></strong></span> 
     </span>
     <span class='ocr_line' id='line_1_28' title="bbox 225 3018 1281 3118; baseline -0.001 -21"><span class='ocrx_word' id='word_1_211' title='bbox 225 3035 303 3117; x_wconf 90' lang='grc' dir='ltr'><strong><em>ρίαν</em></strong></span> <span class='ocrx_word' id='word_1_212' title='bbox 330 3027 468 3116; x_wconf 82' lang='grc' dir='ltr'><strong><em>ξυυίβη·</em></strong></span> <span class='ocrx_word' id='word_1_213' title='bbox 509 3023 594 3094; x_wconf 89' lang='grc' dir='ltr'><strong><em>άλλά</em></strong></span> <span class='ocrx_word' id='word_1_214' title='bbox 621 3018 681 3112; x_wconf 78' lang='grc' dir='ltr'><strong><em>ἦγε</em></strong></span> <span class='ocrx_word' id='word_1_215' title='bbox 699 3025 762 3116; x_wconf 85' lang='grc' dir='ltr'><strong><em>γάρ</em></strong></span> <span class='ocrx_word' id='word_1_216' title='bbox 781 3025 887 3096; x_wconf 85' lang='grc' dir='ltr'><strong><em>αότόν</em></strong></span> <span class='ocrx_word' id='word_1_217' title='bbox 911 3029 1018 3118; x_wconf 83' lang='grc' dir='ltr'><strong><em>ταότη</em></strong></span> <span class='ocrx_word' id='word_1_218' title='bbox 1044 3027 1081 3097; x_wconf 87' lang='grc' dir='ltr'><strong><em>τδ</em></strong></span> <span class='ocrx_word' id='word_1_219' title='bbox 1109 3035 1187 3098; x_wconf 87' lang='grc' dir='ltr'><strong><em>δαι·</em></strong></span> <span class='ocrx_word' id='word_1_220' title='bbox 1280 3079 1281 3109; x_wconf 70' lang='grc'><strong><em>,</em></strong></span> 
     </span>
     <span class='ocr_line' id='line_1_29' title="bbox 223 3120 1191 3217; baseline 0.002 -19"><span class='ocrx_word' id='word_1_221' title='bbox 223 3129 343 3217; x_wconf 90' lang='grc' dir='ltr'><strong><em>μόνιον</em></strong></span> <span class='ocrx_word' id='word_1_222' title='bbox 370 3120 393 3217; x_wconf 80' lang='grc' dir='ltr'><strong><em>ᾖ</em></strong></span> <span class='ocrx_word' id='word_1_223' title='bbox 419 3125 632 3215; x_wconf 82' lang='grc' dir='ltr'><strong><em>παρελθόντα</em></strong></span> <span class='ocrx_word' id='word_1_224' title='bbox 659 3130 760 3217; x_wconf 80' lang='grc' dir='ltr'><strong><em>ἐχρῆν</em></strong></span> <span class='ocrx_word' id='word_1_225' title='bbox 791 3123 855 3216; x_wconf 79' lang='grc' dir='ltr'><strong><em>ἤδη</em></strong></span> <span class='ocrx_word' id='word_1_226' title='bbox 881 3135 1082 3217; x_wconf 79' lang='grc' dir='ltr'><strong><em>τελευτῆσαι.</em></strong></span> <span class='ocrx_word' id='word_1_227' title='bbox 1127 3139 1191 3200; x_wconf 82' lang='grc' dir='ltr'><strong><em>καί</em></strong></span> 
     </span>
     <span class='ocr_line' id='line_1_30' title="bbox 223 3221 1280 3322; baseline 0.002 -24"><span class='ocrx_word' id='word_1_228' title='bbox 223 3256 290 3299; x_wconf 87' lang='grc' dir='ltr'><strong><em>που</em></strong></span> <span class='ocrx_word' id='word_1_229' title='bbox 305 3229 410 3316; x_wconf 85' lang='grc' dir='ltr'><strong><em>τυχὸν</em></strong></span> <span class='ocrx_word' id='word_1_230' title='bbox 423 3231 479 3297; x_wconf 81' lang='grc' dir='ltr'><strong><em>καὶ</em></strong></span> <span class='ocrx_word' id='word_1_231' title='bbox 493 3226 630 3316; x_wconf 86' lang='grc' dir='ltr'><strong><em>άμεινον</em></strong></span> <span class='ocrx_word' id='word_1_232' title='bbox 644 3228 737 3322; x_wconf 80' lang='grc' dir='ltr'><strong><em>αὐτῷ</em></strong></span> <span class='ocrx_word' id='word_1_233' title='bbox 750 3221 792 3316; x_wconf 79' lang='grc' dir='ltr'><strong><em>ἦν</em></strong></span> <span class='ocrx_word' id='word_1_234' title='bbox 808 3233 843 3298; x_wconf 79' lang='grc' dir='ltr'><strong><em>ἐν</em></strong></span> <span class='ocrx_word' id='word_1_235' title='bbox 857 3229 948 3319; x_wconf 75' lang='grc' dir='ltr'><strong><em>άιιμῇ</em></strong></span> <span class='ocrx_word' id='word_1_236' title='bbox 960 3237 1018 3316; x_wconf 75' lang='grc' dir='ltr'><strong><em>τῆς</em></strong></span> <span class='ocrx_word' id='word_1_237' title='bbox 1032 3257 1068 3300; x_wconf 85' lang='grc' dir='ltr'><strong><em>τε</em></strong></span> <span class='ocrx_word' id='word_1_238' title='bbox 1080 3229 1187 3319; x_wconf 80' lang='grc' dir='ltr'><strong><em>ἄλλης</em></strong></span> <span class='ocrx_word' id='word_1_239' title='bbox 1279 3297 1280 3300; x_wconf 74' lang='grc'><strong><em>,</em></strong></span> 
     </span>
     <span class='ocr_line' id='line_1_31' title="bbox 225 3323 1280 3419; baseline 0.002 -21"><span class='ocrx_word' id='word_1_240' title='bbox 225 3329 323 3416; x_wconf 84' lang='grc' dir='ltr'><strong><em>δόξης</em></strong></span> <span class='ocrx_word' id='word_1_241' title='bbox 341 3329 474 3398; x_wconf 80' lang='grc' dir='ltr'><strong><em>καὶτοῦ</em></strong></span> <span class='ocrx_word' id='word_1_242' title='bbox 493 3330 605 3399; x_wconf 89' lang='grc' dir='ltr'><strong><em>πόθου</em></strong></span> <span class='ocrx_word' id='word_1_243' title='bbox 630 3333 691 3398; x_wconf 80' lang='grc' dir='ltr'><strong><em>τοῦ</em></strong></span> <span class='ocrx_word' id='word_1_244' title='bbox 714 3330 795 3417; x_wconf 85' lang='grc' dir='ltr'><strong><em>παρ’</em></strong></span> <span class='ocrx_word' id='word_1_245' title='bbox 814 3328 1007 3418; x_wconf 80' lang='grc' dir='ltr'><strong><em>άνθροίιιων</em></strong></span> <span class='ocrx_word' id='word_1_246' title='bbox 1029 3329 1184 3419; x_wconf 87' lang='grc' dir='ltr'><strong><em>άπηλλά·</em></strong></span> <span class='ocrx_word' id='word_1_247' title='bbox 1199 3373 1224 3412; x_wconf 71' lang='lat'><strong><em>,0</em></strong></span> <span class='ocrx_word' id='word_1_248' title='bbox 1279 3323 1280 3337; x_wconf 41' lang='lat'>¹</span> 
     </span>
     <span class='ocr_line' id='line_1_32' title="bbox 223 3431 1184 3520; baseline 0.005 -23"><span class='ocrx_word' id='word_1_249' title='bbox 223 3440 316 3518; x_wconf 80' lang='grc' dir='ltr'><strong><em>χθαι,</em></strong></span> <span class='ocrx_word' id='word_1_250' title='bbox 342 3436 424 3514; x_wconf 88' lang='grc' dir='ltr'><strong><em>πρίν</em></strong></span> <span class='ocrx_word' id='word_1_251' title='bbox 449 3457 523 3498; x_wconf 87' lang='grc' dir='ltr'><strong><em>τινα</em></strong></span> <span class='ocrx_word' id='word_1_252' title='bbox 549 3434 713 3518; x_wconf 81' lang='grc' dir='ltr'><strong><em>ξυμβῆναι</em></strong></span> <span class='ocrx_word' id='word_1_253' title='bbox 739 3431 830 3520; x_wconf 78' lang='grc' dir='ltr'><strong><em>αὐτῷ</em></strong></span> <span class='ocrx_word' id='word_1_254' title='bbox 850 3433 1027 3520; x_wconf 85' lang='grc' dir='ltr'><strong><em>ξυμφοράν</em></strong></span> <span class='ocrx_word' id='word_1_255' title='bbox 1044 3431 1184 3520; x_wconf 86' lang='grc' dir='ltr'><strong><em>άνθρω·</em></strong></span> 
     </span>
     <span class='ocr_line' id='line_1_33' title="bbox 223 3519 1190 3624; baseline 0.004 -24"><span class='ocrx_word' id='word_1_256' title='bbox 223 3536 340 3616; x_wconf 83' lang='grc' dir='ltr'><strong><em>πίνην,</em></strong></span> <span class='ocrx_word' id='word_1_257' title='bbox 373 3519 413 3616; x_wconf 80' lang='grc' dir='ltr'><strong><em>ἦς</em></strong></span> <span class='ocrx_word' id='word_1_258' title='bbox 447 3533 544 3601; x_wconf 79' lang='grc' dir='ltr'><strong><em>ἕνεκα</em></strong></span> <span class='ocrx_word' id='word_1_259' title='bbox 569 3533 625 3599; x_wconf 81' lang='grc' dir='ltr'><strong><em>καὶ</em></strong></span> <span class='ocrx_word' id='word_1_260' title='bbox 652 3531 796 3600; x_wconf 89' lang='grc' dir='ltr'><strong><em>Σόλωνα</em></strong></span> <span class='ocrx_word' id='word_1_261' title='bbox 824 3538 960 3624; x_wconf 75' lang='grc' dir='ltr'><strong><em>Κροίσῳ</em></strong></span> <span class='ocrx_word' id='word_1_262' title='bbox 987 3535 1190 3622; x_wconf 81' lang='grc' dir='ltr'><strong><em>παραινέσαι</em></strong></span> 
     </span>
    </p>
   </div>
   <div class='ocr_carea' id='block_1_3' title="bbox 0 0 1307 3948">
    <p class='ocr_par' dir='ltr' id='par_1_3' title="bbox 0 0 1307 3948">
     <span class='ocr_line' id='line_1_34' title="bbox 0 0 1307 3948; baseline 0 0"><span class='ocrx_word' id='word_1_263' title='bbox 0 0 1307 3948; x_wconf 95' lang='lat' dir='ltr'><strong><em> </em></strong></span> 
     </span>
    </p>
   </div>
  </div>
 </body>
</html>
