2650 3948
207 226 231 293 6
559 225 810 284 mmmm*

208 369 353 458 μόνους·
380 367 435 438 έτιλ
458 367 497 437 δὲ
514 371 744 457 Σαυροματῶν
760 381 901 456 μοῖραν,
922 361 1085 454 Ἰάζυγας·
1109 365 1166 450 ἐπὶ

211 471 248 541 δὲ
262 471 364 550 Γέτας
376 467 457 550 τούς
472 467 795 554 άπαθανατίξοντας·
814 469 870 538 ἐπὶ
887 468 925 538 δὲ
943 466 1167 557 Σαυρομάτας

208 569 288 651 τούς
305 569 464 652 πολλούς·
490 570 546 640 έκλ
562 569 601 639 δλ
616 569 756 651 Σκύθας
773 575 847 640 ἔστε
864 572 920 639 ἐπὶ
935 569 996 651 τάς
1014 569 1165 657 ἐκβολάς,

211 676 269 742 ἴνα
293 674 421 740 έκδιδολ
446 670 530 740 κατά
560 671 659 740 πέντε
688 671 835 761 στόματα
863 674 897 752 ές
919 670 981 741 τόν
1003 670 1166 754 Εὔξεινον

177 772 344 842 σπόντον.
379 774 528 842 ἐνταῦθα
543 772 786 860 καταλαμβάνει
802 767 896 865 αύτῷ
918 770 1065 860 ἡκούσας
1081 775 1167 852 ναῦς
1193 789 1207 831 ⁸

210 871 339 963 μακράς
363 875 399 943 ἐκ
416 879 600 957 Βυζαντίον
623 872 678 942 διά
696 879 758 942 τοῦ
774 873 902 943 πόντου
919 879 981 942 τού
999 869 1166 956 Εὐξείνου
1289 910 1291 990 Ι

211 972 294 1044 κατά
310 971 371 1043 τόν
382 973 541 1062 ποταμόν.
576 974 697 1056 ταύτας
710 972 881 1063 ἐμπλήσας
897 976 1042 1057 τοξοτῶν
1057 1001 1093 1043 τε
1110 973 1167 1042 καί

210 1074 355 1146 ὁπλιτῶν
371 1080 413 1164 τή
428 1075 520 1170 νήσφ
537 1077 673 1146 ἐπέπλει
689 1081 747 1145 λνα
763 1081 800 1146 οί
816 1082 996 1164 Τριβαλλοί
1009 1075 1118 1145 τεκαὶ
1134 1077 1171 1144 οί
1292 1147 1293 1156 ,

213 1183 344 1268 Θρᾷκες
361 1178 628 1266 ξυμπεφευγότες
641 1170 740 1264 ἦσαν,
757 1177 815 1245 καὶ
832 1180 984 1267 ἐπειρᾶτο
999 1176 1169 1264 βιάζεσθαι

179 1275 275 1365 ιτήν
304 1273 479 1365 ἀπόβασιν.
513 1283 550 1348 οί
576 1278 615 1348 δὲ
645 1277 808 1367 βάρβαροι
836 1277 995 1366 ἀπήντων
1023 1279 1078 1347 έπί
1106 1273 1167 1346 τόν
1180 1296 1207 1338 ¹⁰
1295 1342 1296 1378 ,

211 1376 360 1468 ποταμόν
388 1375 465 1449 ὅποι
493 1383 532 1449 αί
555 1384 634 1466 νῆες
662 1386 917 1468 προσπίπτοιεν·
954 1383 991 1448 αί
1025 1379 1063 1448 δὲ
1092 1375 1164 1449 όλί·
1296 1428 1297 1466 ,

211 1507 268 1568 γαι
288 1506 325 1550 τε
347 1469 435 1568 ήσαν
450 1476 545 1567 καλή
563 1479 698 1570 στρατιά
717 1475 758 1550 ού
783 1480 889 1568 πολλή
912 1473 934 1568 ή
960 1477 1012 1549 ἐπ’
1042 1477 1166 1568 αύτῶν,
1297 1514 1298 1520 ¹

211 1581 353 1668 καὶτῆς
382 1579 488 1667 νήσου
517 1577 559 1650 τά
590 1580 697 1650 πολλά
727 1578 878 1670 ἀπότομα
904 1584 938 1662 ές
963 1581 1167 1671 προσβολήν,
1298 1600 1299 1606 ’

211 1683 268 1752 καὶ
290 1680 328 1751 τό
354 1684 463 1770 βεύμα
484 1686 547 1752 τού
569 1687 719 1770 ποταμοῦ
740 1682 778 1751 τό
803 1678 879 1773 παρ’
905 1677 1029 1770 αύτήν,
1053 1676 1108 1751 οἷα
1124 1678 1167 1769 δή

213 1785 246 1862 ές
263 1780 383 1852 στενόν
405 1784 722 1871 συγκεκλεισμένον,
745 1781 805 1865 όξύ
829 1783 885 1852 καὶ
908 1780 1037 1871 άπορον
1059 1803 1165 1874 προσ·
1180 1799 1205 1842 1⁵

210 1885 382 1972 φέρεσθαι.

178 1999 195 2050 ο
278 1982 385 2056 Ἔνθα
402 1983 444 2072 δή
458 1982 672 2074 Ἀλέξανδρος
690 1983 875 2072 άπαγαγαὶν
898 1983 958 2066 τάς
976 1991 1062 2066 ναῦς
1080 1991 1168 2072 ἔγνον

212 2089 398 2172 διαβαίνειν
409 2081 606 2175 τόνἼστρον
620 2087 674 2155 ἐπὶ
687 2085 766 2167 τούς
780 2087 883 2167 Γέτας
895 2085 974 2166 τούς
987 2087 1094 2177 πέραν
1107 2090 1168 2156 τοῦ

201 2185 336 2276 Ἴστρον
350 2183 567 2280 ᾠκισμένους,
580 2187 630 2257 ότι
641 2215 677 2256 τε
689 2188 967 2276 συνειλεγμένους
982 2187 1069 2277 ἑόρα
1083 2196 1168 2257 πολ·

212 2285 291 2370 λούς
310 2289 364 2358 ἐπὶ
380 2290 424 2379 τῇ
440 2286 527 2378 όχθφ
544 2290 761 2376 τούἽστρον,
780 2283 825 2369 οἱς
844 2291 1025 2377 είρξοντας,
1044 2294 1077 2358 εί
1092 2294 1166 2358 δια·
1180 2309 1207 2351 ιο

213 2395 324 2476 βαίνοι
337 2382 439 2480 (ἦσαν
447 2388 512 2479 γάρ
527 2394 639 2470 ίππελς
652 2389 715 2477 μὲν
729 2392 762 2468 ές
773 2398 1066 2478 τετρακισχιλίους,
1079 2389 1169 2473 πεζοὶ

214 2489 252 2561 δέ
269 2497 403 2572 πλείους
415 2496 484 2560 τόν
500 2489 647 2581 μυρίων)
660 2491 717 2558 καὶ
730 2489 798 2578 άμα
810 2489 917 2570 πόθος
931 2496 1050 2577 ἔλαβεν
1062 2489 1169 2560 αύτόν

179 2585 262 2661 θέτ’
287 2594 397 2661 έκελνα
419 2597 480 2661 τοῦ
494 2591 629 2681 Ἵστρον
653 2594 777 2660 ἐλθεῖν.
816 2595 886 2659 τῶν
914 2591 977 2679 μέν
1009 2589 1050 2678 δή
1080 2594 1169 2660 νεῶν

215 2693 315 2780 ἐπέβη
333 2689 447 2772 αὐτός·
465 2691 522 2774 τάς
540 2693 577 2761 δέ
594 2692 757 2781 διφθέρας
773 2684 836 2779 ὕφ’
856 2686 910 2772 αἷς
929 2692 1093 2780 ἐσκήνουν
1109 2697 1169 2778 τής

213 2791 343 2882 κάρφης
368 2791 545 2882 πληροόσας
570 2793 626 2861 καὶ
652 2792 714 2862 ὅσα
738 2792 905 2880 μονόξυλα
927 2801 1027 2863 πλοῖα
1052 2795 1088 2862 ἐκ
1110 2798 1208 2879 τήςιι

213 2893 322 2984 χώρας
335 2893 533 2980 ξυναγαγών
551 2887 609 2982 (ήν
627 2893 665 2964 δέ
682 2893 881 2963 καὶτούτων
895 2891 1036 2983 εύιιορία
1050 2892 1169 2980 πολλή,

213 2991 263 3063 ότι
275 2993 403 3074 τούτοις
415 3001 561 3086 χρῶνται
573 2999 609 3065 οί
618 2994 789 3086 πρόσοικοι
799 2999 847 3088 τῷ
855 2991 973 3088 Ἰστρφ
988 2991 1043 3082 ἐφ’
1062 2987 1170 3086 άλιείμ

214 3121 251 3164 τε
274 3099 316 3185 τή
341 3098 377 3164 ἐκ
393 3101 454 3165 τού
467 3095 600 3186 Ἵστρον
623 3097 680 3165 καὶ
698 3107 808 3166 είποτε
824 3091 903 3184 παρ’
923 3093 1087 3183 ἀλλήλους
1105 3092 1171 3164 άνά

214 3195 276 3266 τόν
293 3195 443 3285 ποταμόν
460 3199 644 3267 στέλλοιντο
661 3198 718 3266 καὶ
736 3194 954 3286 λῃστεύοντες
972 3193 1032 3264 ἄπ’
1057 3195 1171 3265 αὐτῶν

215 3302 251 3366 οί
266 3295 398 3386 πολλοί)
421 3304 526 3368 ταῦτα
545 3292 590 3380 ὦς
607 3307 746 3368 πλεῖστα
763 3296 963 3383 ξυναγαγών
988 3301 1170 3385 διεβίβαζεν
1183 3322 1209 3364 ιν

217 3397 271 3470 ἐπ’
299 3395 413 3468 αύτιδν
437 3402 494 3487 τής
521 3401 675 3487 στρατιαῖς
698 3397 799 3476 ὅσους
823 3395 972 3466 δυνατόν
994 3389 1039 3484 ήν
1065 3400 1101 3466 ἐν
1123 3402 1170 3488 τῷ
1279 3415 1281 3420 ’

216 3504 335 3593 τοιῷδε
366 3499 488 3594 τρόπῳ.
532 3500 590 3568 καὶ
623 3505 797 3584 γίγνονται
830 3500 864 3566 οί
897 3497 1069 3586 διαβάντες
1103 3494 1172 3571 ἅμα
