2678 3950
503 246 687 300 ANABAzm
705 251 731 311 ι,
748 249 799 302 οο.·
1068 248 1128 312 199

169 412 244 476 κλεῑ
258 402 386 492 ἄκορος
404 404 581 491 γενομένη,
602 405 658 472 καὶ
678 409 780 474 έθυεν
800 395 854 474 ἐπ’
872 402 962 494 αὐτῇ
974 399 1129 486 Ἀλέξαν-

169 511 249 594 όρος
262 507 319 574 καὶ
332 504 556 574 κατεσκεύασε
569 503 745 594 φρούριον,
760 505 931 589 παραδούς
945 506 1127 592 Σισικόττῳ

172 610 396 693 ἐπιμελεῖσθαι
421 608 479 692 τῆς
505 608 670 694 φρουράς,
697 603 734 686 ὃς
762 608 795 687 ἐξ
811 605 927 676 Ἰνδῶν
944 606 1006 693 μὲν
1024 606 1127 676 πάλαι

169 706 389 796 ηὐτομολήκει
405 709 439 786 ἐς
452 705 587 793 Βάκτρα
599 706 690 794 παρὰ
699 710 844 796 Βῆσσον,
855 705 1076 794 Ἀλεξάνδρου
1090 708 1128 776 δέ

133 833 146 872 ε
170 807 393 894 κατασχόντος
414 805 475 892 τὴν
494 805 608 895 χάραν
625 807 686 894 τὴν
699 816 868 896 Βακτρίαν
888 809 1131 896 ξυνεστράτευέ

170 935 206 979 τε
230 907 322 1000 αύτῷ
346 909 404 976 καλ
431 905 546 987 πιστὸς
571 910 603 987 ἐς
626 909 666 976 τά
689 908 830 996 μάλιστα
855 913 1019 996 ἐφαίνετο.

236 1007 340 1098 ’Ἁρας
372 1006 404 1077 θ’
440 1011 477 1078 ἐκ
507 1014 566 1095 τῆς
601 1010 722 1092 πέτρας
757 1012 790 1089 ἐς
823 1010 884 1096 τὴν
912 1008 1161 1097 Ἀσσακηνῶνο

172 1109 284 1198 χάραν
303 1110 465 1197 ἐμβάλλει.
507 1109 567 1178 τόν
587 1107 652 1198 γάρ
676 1109 825 1197 άόελφὸν
843 1112 903 1179 τὸν
919 1110 1125 1198 Ἀσσακηνού

174 1213 384 1299 ἐξηγγέλλετο
397 1211 478 1290 τούς
490 1235 525 1279 τε
540 1211 721 1297 ἐλέφαντας
737 1217 855 1297 ἔχοντα
868 1211 1006 1280 καὶτῶν
1021 1232 1127 1300 προσ--

135 1339 160 1379 ιο
173 1313 291 1400 χάραν
304 1311 487 1400 βαρβάρων
499 1310 646 1391 πολλούς
660 1313 930 1400 ξυμπεφευγέναι
944 1317 978 1392 ές
992 1313 1032 1380 τά
1042 1313 1125 1382 ταύ-

172 1441 212 1503 τη
238 1411 310 1502 ὄρη.
355 1413 412 1480 καὶ
438 1406 641 1500 άφικόμενος
658 1418 707 1493 εἰς
725 1413 844 1502 Δύρτα
862 1413 960 1481 πόλιν
977 1418 1046 1482 τῶν
1063 1414 1126 1501 μὲν
1232 1433 1235 1440 ·

175 1513 397 1583 ἐνοικούντων
415 1510 540 1582 ούόέυα
558 1514 803 1602 καταλαμβάνει
821 1513 902 1583 οὐδὲ
921 1516 957 1582 έν
974 1517 1016 1602 τῇ
1035 1514 1128 1604 χώρᾳ

173 1617 217 1702 τη”
242 1613 326 1700 πρὸς
351 1616 392 1701 τῇ
420 1614 529 1682 πόλει·
571 1616 604 1695 ἐς
629 1614 666 1683 δὲ
691 1615 751 1702 την
769 1615 954 1702 ύστεραίαν
972 1615 1128 1702 Νέαρχόν

173 1742 208 1783 τε
234 1718 290 1784 καλ
305 1714 477 1800 Ἀντίοχον
502 1713 583 1794 τούς
609 1716 799 1803 χιλιάρχους
822 1719 890 1784 τῶν
907 1715 1128 1785 ὑπασπιστῶν

135 1841 160 1881 ιι
175 1818 346 1902 ἐκπέμπει·
363 1815 420 1883 καὶ
436 1815 580 1906 Νεάρχῳ
597 1814 660 1902 μὲν
676 1816 757 1896 τούς
768 1811 946 1904 Ἀγριᾶνας
960 1821 1018 1887 καὶ
1031 1815 1127 1897 τούς
1145 1830 1161 1878 6

173 1917 293 1998 ψιλούς
310 1915 403 2004 ἄγειν
419 1920 556 2002 ἔδωκεν,
571 1915 729 2008 Ἀντιόχῳ
749 1917 788 1986 δέ
801 1919 862 2005 τήν
874 1945 910 1988 τε
923 1917 1030 1987 αύτοῦ
1045 1926 1128 2006 χιλι-

173 2026 294 2105 αρχίαν
312 2018 370 2086 καὶ
388 2015 453 2088 δύο
472 2018 528 2086 ἐπὶ
545 2016 652 2107 ταύτη
671 2016 784 2097 ἄλλας.
821 2021 1015 2090 ἐστέλλοντο
1033 2019 1070 2088 δέ
1087 2018 1129 2087 τά

171 2145 208 2187 τε
234 2127 339 2209 χοιρία
365 2116 586 2205 κατοψόμενοι
611 2119 667 2188 καὶ
693 2129 729 2188 εἰ
750 2120 819 2188 πού
844 2147 935 2200 τινας
953 2125 1021 2188 τῶν
1043 2126 1128 2207 βαρ-

172 2220 288 2310 βάρων
313 2222 495 2308 ξυλλαβεῖν
522 2221 555 2299 ἐς
580 2225 716 2306 ἔλεγχον
735 2223 805 2288 τῶν
822 2219 906 2290 κατά
925 2220 986 2306 τὴν
1003 2219 1129 2308 χάραν,

134 2327 243 2390 τοτύυ
269 2347 305 2390 τε
330 2319 442 2390 άλλοον
467 2321 525 2388 καὶ
550 2320 690 2407 μάλιστα
717 2319 758 2409 δὴ
785 2319 826 2390 τά
850 2320 938 2408 άμφὶ
955 2321 1035 2400 τούς
1054 2322 1127 2390 ἐλέ-

171 2449 300 2509 φαντας
328 2427 443 2508 ἐμελεν
469 2420 563 2511 αύτῷ
588 2432 723 2509 μαθεῖν.

250 2520 364 2601 Αὐτός
382 2526 420 2590 δε
439 2517 485 2602 ὣς
510 2523 565 2590 ἐπὶ
589 2522 650 2590 τόν
664 2521 772 2592 Ἰνδὸν
797 2519 946 2608 ποταμόν
968 2519 1031 2610 ἤδη
1056 2513 1162 2608 ἦγε,ἰ

173 2624 228 2692 καὶ
245 2615 266 2711 ἡ
286 2623 421 2710 στρατιά
440 2617 533 2713 αύτῷ
553 2620 749 2692 ύθοποιεττο
770 2621 884 2708 πρόσω
905 2627 1005 2692 ἰοῦσα
1019 2620 1130 2710 άπορα

173 2723 282 2804 άλλως
299 2721 381 2792 ὄντα
398 2717 441 2790 τά
458 2723 565 2810 ταύτῃ
583 2730 698 2811 χωρία.
735 2726 886 2794 ἐνταῦθα
903 2723 1129 2810 ξυλλαμβάνει

133 2851 160 2890 τε
174 2819 311 2913 ὀλίγους
337 2826 406 2892 τῶν
431 2822 624 2912 βαρβάρων,
649 2825 706 2892 καὶ
733 2822 823 2912 παρά
848 2823 977 2892 τούτων
1004 2830 1130 2910 ἔμαθεν

173 2925 224 2996 ότι
250 2931 286 2996 ολ
309 2925 371 3014 μὲν
390 2927 427 2995 ἐν
452 2927 493 3014 τῇ
520 2925 613 3015 χάρᾳ
627 2923 729 2996 Ἰνδοὶ
754 2923 843 3013 παρά
859 2923 1016 3014 Ἀβισάρη
1043 2923 1130 2994 άπο-

173 3027 377 3116 πεφευγότες
411 3024 491 3113 εἶεν,
530 3025 612 3106 τούς
644 3027 828 3114 ἐλέφαντας
861 3025 899 3095 δέ
937 3023 987 3094 ότι
1020 3024 1129 3095 αύτού

173 3130 350 3198 κατέλιπον
373 3128 533 3215 νέμεσθαι
550 3126 634 3215 πρὸς
652 3133 699 3219 τῷ
718 3129 855 3218 ποταμῷ
872 3132 919 3218 τῷ
933 3125 1045 3216 Ἰνδῷ·
1073 3128 1128 3196 καὶ

172 3229 315 3309 τούτους
339 3227 534 3317 ἡγήσασθαί
557 3233 594 3296 οἱ
617 3229 678 3314 τὴν
700 3227 783 3297 ὁδὸν
806 3229 980 3297 ἐκέλευσεν
1004 3225 1049 3308 ὥς
1074 3229 1130 3297 ἐπὶ

135 3331 252 3411 οοτούς
281 3331 471 3418 ἐλέφάντας.
512 3329 578 3398 εἰσὶ
604 3328 642 3398 δέ
665 3328 784 3399 Ἰνδῶν
809 3330 927 3398 πολλοὶ
951 3329 1129 3417 κυνηγέται

171 3435 240 3501 τόν
267 3430 471 3519 ἐλεφάντων,
499 3429 555 3498 καὶ
581 3430 724 3509 τούτους
751 3433 883 3519 σπουδῇ
911 3427 995 3517 ἀμφ’
1022 3423 1129 3497 αὑτὸν

172 3531 260 3622 εἶχεν
274 3531 504 3620 Ἀλέξανδρος,
523 3533 580 3601 καὶ
598 3532 674 3600 τότε
693 3530 800 3619 ἐθήρα
818 3528 882 3611 ξύν
899 3529 1032 3608 τούτοις
1049 3526 1130 3608 τούς
