2664 3946
212 242 274 309 136
564 243 814 301 ΑΔΕΞΑΝΔΡΟΤ

159 395 203 459 24
294 381 405 462 Αύτός
427 385 464 451 δὲ
486 389 635 470 προῆγεν
650 383 695 462 σός
716 383 771 451 έπλ
785 383 965 469 Μάρδους,
988 381 1170 467 άναλαβών

210 486 290 564 τούς
304 510 340 552 τε
354 481 566 563 ὑπασπιστάς
580 487 636 551 καλ
647 483 727 562 τούς
737 487 871 564 τοξότας
882 486 937 550 καί
949 482 1029 562 τούς
1039 480 1169 570 Ἀχριάι

209 612 272 665 νας
298 587 355 651 καί
382 579 444 670 τὴν
472 589 600 652 Κοίνου
628 587 684 652 καὶ
708 585 874 672 Ἀμύντου
901 587 995 665 τάξιν
1023 587 1169 652 καὶτῶν

211 687 352 773 ἑταίρων
376 687 504 754 ἱππέων
531 685 613 764 τούς
632 685 770 774 ἡμίσεας
791 689 848 753 καί
868 687 946 764 τούς
968 688 1169 753 ίππακοντι-

176 811 193 860 2
211 791 306 868 στάς·
337 787 401 876 ἤδη
422 789 489 873 γάρ
511 788 673 876 αὐτῷκαὶ
694 789 950 855 ἱππακοντισταί
965 791 1055 867 τάξις
1069 781 1195 874 ἤσαυι

211 888 367 958 ἐπελθόν
389 891 427 957 δὲ
448 893 485 956 τό
509 889 597 956 πολύ
612 893 711 976 μέρος
727 897 786 975 τῆς
807 889 917 975 χώρας
930 895 999 956 τῶν
1014 890 1167 974 Μάρδων

210 991 358 1070 πολλούς
378 993 441 1077 μὲν
463 989 658 1058 άπέκτεινεν
680 990 793 1058 αύτιίν
815 987 1021 1076 φεύγοντας,
1050 991 1109 1070 οδς
1132 993 1169 1058 δέ

210 1118 304 1171 τινας
326 1095 359 1171 ές
381 1091 491 1178 άλκηυ
518 1093 781 1178 τετραμμένους,
809 1091 956 1170 πολλούς
983 1093 1020 1157 δὲ
1046 1097 1169 1173 ζαῐντας

210 1197 340 1280 ἔλαβεν.
383 1192 425 1260 ού
445 1193 511 1278 γάρ
534 1198 625 1260 ἔστιν
647 1193 737 1272 ὅστις
758 1195 883 1277 χρόνου
912 1195 1111 1280 ἐμβεβλήκει
1134 1196 1168 1272 ές

209 1295 271 1382 τὴν
292 1301 357 1382 γῆν
383 1294 497 1362 αύτιόν
520 1299 576 1363 ἐπί
597 1297 730 1383 πολέμῳ
753 1295 808 1361 διά
836 1318 872 1360 τε
894 1297 1090 1380 δυσχωρίαν
1111 1297 1168 1362 καλ
1181 1327 1206 1367 ιο

210 1397 260 1464 ὅτι
275 1397 413 1483 πένητες
423 1399 458 1463 οί
465 1397 602 1479 Μάρδοι
616 1395 673 1462 καλ
689 1397 825 1482 μάχιμοι
841 1396 895 1462 ε’πλ
906 1402 947 1483 τῇ
959 1401 1058 1484 πενίᾳ
1069 1390 1166 1483 ἦσαν.

209 1498 339 1566 οὔκουν
354 1497 433 1564 οὐδὲ
452 1499 671 1583 Ἀλέξανδρον
687 1500 845 1584 ἐμβαλεῖν
867 1497 911 1564 άν
932 1521 1013 1564 ποτε
1033 1501 1167 1564 δείσαν-

208 1625 273 1686 τες,
296 1600 408 1677 άλλως
429 1623 466 1665 τε
481 1600 537 1664 κοιλ
554 1599 835 1684 προκεχωρηκότα
855 1597 920 1684 ἥδη
939 1597 972 1676 ές
986 1598 1024 1665 τό
1038 1601 1166 1685 πρόσω,

175 1703 314 1788 εταύτη
342 1700 472 1786 μᾶλλόν
498 1724 531 1766 τι
553 1697 742 1784 ἀφύλακτοι
763 1698 954 1784 ἡλίσκοντο.
989 1703 1108 1766 πολλοὶ
1130 1701 1168 1768 δὲ

209 1801 322 1868 αὐτῶν
343 1801 399 1867 καλ
422 1803 469 1878 είς
489 1799 530 1867 τά
552 1800 613 1886 ὅρη
629 1801 837 1886 κατέφυγον,
861 1800 883 1866 δι’
905 1800 946 1887 δὴ
966 1795 1167 1887 ὑπερύψηλά
1180 1829 1206 1869 15

209 1928 246 1970 τε
267 1905 324 1968 καὶ
345 1903 496 1988 άπότομα
518 1899 632 1980 αύτοῑς
647 1905 686 1969 ἐν
706 1907 747 1988 τῇ
768 1903 860 1988 χεόρμ
883 1905 992 1987 ἐστίν,
1016 1900 1062 1981 ὦς
1083 1901 1167 1988 πρός

209 2005 368 2088 ταῦτάγε
382 2003 444 2088 ούχ
458 2003 580 2088 ἥξοντα
593 2001 822 2090 Ἀλέξανδρον.
853 2005 924 2070 ἐπεὶ
940 2005 977 2070 δέ
992 2007 1048 2070 καλ
1062 2005 1166 2089 ταύτη

209 2111 396 2192 προσῆγεν,
426 2107 461 2171 ολ
486 2107 523 2172 δὲ
551 2106 738 2190 πέμψαντες
760 2108 915 2191 πρέσβεις
937 2112 1025 2190 σφᾶς
1045 2130 1082 2172 τε
1104 2104 1162 2170 αύ-

208 2205 287 2284 τούς
310 2207 471 2273 ἐνέδοσαν
494 2207 626 2290 κοίτην
648 2206 776 2290 χώραν·
807 2209 863 2272 καλ
876 2205 1092 2292 Ἀλέξανδρος
1106 2205 1165 2272 αύ-

208 2306 287 2385 τούς
318 2308 380 2393 μὲν
409 2304 555 2392 ἀφῆκεν,
587 2307 761 2390 σατράπην
788 2308 825 2371 δὲ
853 2305 1025 2386 ἀπέδειξεν
1052 2305 1206 2375 αύτολνεο

209 2408 496 2493 Αὐτοφραδάτην,
519 2406 623 2493 όνπερ
646 2407 701 2472 καί
729 2407 927 2491 Ταπούρων.

175 2530 192 2579 4
292 2507 404 2586 Αύτδς
425 2507 457 2574 δ’
475 2507 675 2575 ἐπανελθών
692 2509 725 2585 ἐς
744 2508 782 2574 τδ
799 2507 1028 2592 στρατόπεδον
1044 2511 1164 2575 ἔνθεν-

208 2633 271 2696 περ
287 2609 428 2696 ύρμήθη
445 2612 479 2688 ές
493 2616 562 2676 τοῖν
577 2611 730 2695 Μάρδων
744 2607 806 2693 τὴν
820 2614 887 2694 γῆν
902 2611 1064 2693 κατέλαβε
1085 2611 1166 2688 τούς

199 2710 364 2796 Ἕλληνας
378 2709 457 2788 τούς
471 2712 705 2796 μισθοφόρους
723 2709 868 2794 ἥκοντας
888 2713 944 2776 καί
958 2711 1038 2790 τούς
1052 2718 1165 2778 Λακε-

208 2816 393 2896 δαιμονίων
408 2814 563 2896 πρέσβεις
576 2815 612 2877 οἳ
623 2809 714 2894 παρά
725 2814 864 2896 βασιλέα
878 2819 1028 2898 Δαρεῖον
1044 2816 1162 2895 έπρέσ-
1177 2839 1203 2880 ω

207 2917 324 2997 βευου,
336 2914 606 2995 Καλλικρατίδαν
615 2915 714 2978 τεκαὶ
723 2912 929 2980 Παύσιππον
940 2914 997 2980 καὶ
1008 2916 1165 2998 Μόνιμον

208 3016 265 3080 καλ
283 3013 483 3099 Ὀνόμαντα,
506 3016 562 3079 καί
581 3013 768 3099 Ἀθηναίων
790 3017 986 3100 Δρωπίδην.
1024 3017 1166 3094 τούτους

208 3117 270 3202 μὲν
292 3114 333 3201 δὴ
351 3113 529 3199 ξυλλαβών
552 3117 590 3180 έν
612 3119 748 3200 φυλακῇ
772 3111 848 3200 εἶχε.
886 3115 965 3192 τούς
980 3119 1165 3182 Σινωπέων

209 3219 247 3284 δὲ
261 3217 403 3302 άφῆκεν,
420 3216 471 3282 ὅτι
487 3222 654 3292 Σινωπεῖς
668 3213 748 3282 ούιε
762 3223 823 3283 τοῦ
839 3223 956 3283 κοινοῦ
971 3223 1040 3283 τεόν
1050 3215 1166 3302 Ἑλλή-

209 3345 279 3386 νων
295 3330 457 3406 μετείχον,
480 3316 548 3384 ύπὸ
566 3319 714 3402 Πέρσαις
727 3343 763 3385 τε
777 3319 972 3404 τεταγμένοι
993 3318 1055 3386 ούκ
1070 3317 1163 3385 άπει-
1178 3345 1204 3387 ιο

209 3422 291 3489 κότα
328 3432 438 3488 ποιεῖν
478 3422 624 3488 ἐδόκουν
665 3418 755 3505 παρά
790 3418 851 3486 τόν
888 3422 1028 3503 βασιλέα
1065 3425 1164 3504 σφῶν

176 3537 192 3588 5
209 3523 464 3609 πρεσβεύοντες.
508 3520 618 3607 άφῆκε
639 3522 677 3588 δέ
699 3519 755 3586 καί
775 3525 844 3586 τῶν
865 3519 980 3587 ἄλλων
995 3521 1165 3605 Ἑλλήνων
