2678 3950
211 215 274 284 224
567 212 817 273 ΑΛΕΞΑΝΔΡΟΤ
942 245 945 248 -

207 373 272 461 ὅπη
285 373 348 461 μὲν
362 373 571 460 ἐπιφέροιντο
580 370 683 456 εἶκον,
697 371 982 459 ἀποστραφέντων
991 371 1169 458 δδείχοντο

209 478 489 556 ἐσακοντίζοντες·
509 478 544 542 οδ
559 472 597 541 δὲ
610 471 711 542 Ἰνδοὶ
731 474 767 542 ἐν
786 471 902 552 αὐτοις
914 471 1167 561 ἀναστρεφόμε-

103 573 107 587 ”
173 582 260 644 λνοι
282 574 323 644 τά
346 583 450 645 πλείω
470 573 533 662 ἤδη
554 571 638 660 πρὸς
660 575 798 642 ἐκείνων
814 573 1028 661 ἐβλάπτοντο.
1061 571 1106 653 ῶς
1129 573 1167 643 δέ

207 675 381 764 καματηρά
397 702 433 744 τε
459 667 500 763 ἦν
518 673 558 742 τά
586 681 690 762 θηρία
715 675 772 742 καί
796 672 909 744 οὐκέτι
926 674 1041 754 αὐτοῖς
1060 675 1168 764 ἐρρω-
1219 761 1221 766 Ι

207 779 305 865 μέναι
322 782 361 846 αί
377 777 536 865 ἐκδρομαὶ
564 779 751 862 ἐγίγνοντο,
778 773 863 844 άλλόι
882 779 1034 866 συριγμῷ
1060 776 1193 862 μόνονε

208 878 417 967 διαχρώμενα
448 877 560 963 ῶσπερ
594 881 633 945 αἱ
662 876 821 962 πρύμναν
853 877 1056 964 κρουόμεναι
1087 879 1167 962 νῆες

209 981 264 1048 έπλ
290 979 379 1048 πόδα
400 975 613 1065 δπεχῶρουν,
640 975 742 1055 αὐτὸς
760 976 823 1064 μέν
837 973 1054 1064 Ἀλέξανδρος
1072 1003 1167 1064 περι-

207 1081 322 1167 βάλλει
350 1083 386 1148 ἐν
412 1079 526 1170 κύκλῳ
552 1077 615 1163 τὴν
641 1081 746 1147 ἵππον
772 1080 814 1166 τῇ
841 1078 932 1166 πάση
958 1077 1061 1165 τάξει,
1087 1078 1166 1158 τοδς

208 1181 325 1265 πεζοδς
351 1180 389 1250 δέ
415 1183 684 1262 ξυνασπίσαντας
711 1178 756 1258 ῶς
784 1181 818 1258 ἐς
844 1179 1058 1267 πυκνοτάτην
1083 1179 1166 1264 ξόγ·

208 1290 332 1352 κλεισιν
359 1281 494 1367 ἐπάγειν
519 1278 581 1367 τὴν
610 1279 769 1366 φάλαγγα
796 1277 948 1368 ἐσήμηνε.
975 1281 1033 1348 καί
1060 1278 1167 1360 οὕτως
1181 1305 1207 1346 ιο

209 1387 246 1452 οί
259 1382 322 1471 μὲν
338 1388 452 1462 ἱππεῖς
470 1384 539 1450 τῶν
554 1377 671 1450 Ἰνδῶν
689 1379 778 1466 πλὴν
793 1379 919 1466 ὀλίγων
936 1380 1167 1468 κατεκόπησαν

210 1487 247 1553 έν
264 1487 310 1576 τῶ
330 1489 433 1574 ἐργφ·
468 1482 648 1551 ἐκόπτοντο
665 1480 704 1550 δὲ
721 1481 777 1549 καί
795 1487 832 1551 οί
847 1481 936 1564 πεζοὶ
953 1483 1168 1568 πανταχόθεν

207 1582 272 1673 ἤδη
300 1584 548 1672 προσκειμένων
575 1588 670 1669 σφίσι
694 1585 762 1650 τῶν
789 1581 1010 1652 Μακεδόνων.
1045 1583 1104 1650 καὶ
1131 1585 1168 1651 ἐν

209 1686 319 1777 τούτῳ
343 1690 401 1754 ἵνα
418 1686 548 1768 διέσχεν
565 1682 586 1768 ἡ
605 1687 707 1762 ἵππος
724 1681 982 1770 ἡἈλεξάνδρου
1001 1684 1034 1763 ἐς
1052 1684 1168 1770 φυγὴν

211 1786 333 1864 πάντες
361 1783 629 1871 ἐπεστράφησαν.
1182 1807 1208 1850 ιο

161 1889 200 1952 18
288 1886 356 1955 Καὶ
383 1889 419 1954 έν
437 1891 483 1977 τῷ
502 1881 595 1974 αὐτῶ
615 1883 788 1971 Κράτερός
806 1885 915 1953 τεκαὶ
934 1889 970 1952 ολ
985 1881 1079 1952 ἄλλοι
1097 1882 1169 1952 ὅσοι

209 1992 267 2071 τῆς
300 1989 454 2075 στρατιᾶς
486 1991 546 2071 τῆς
570 1982 792 2073 Ἀλεξάνδρου
827 1985 882 2054 ἐπὶ
911 1977 959 2073 τῇ
987 1982 1073 2073 ὄχθη
1107 1990 1168 2053 τοῦ

206 2085 372 2157 Ὑδάσπου
392 2087 666 2172 ὑπολελειμμένοι
681 2083 842 2172 ἡγεμόνες
862 2076 960 2172 ἦσαν,
979 2083 1024 2165 ῶς
1043 2090 1169 2153 νικῶν·

209 2216 250 2256 τα
263 2193 425 2276 λαμπρῶς
437 2191 593 2256 κατεῖδον
604 2183 838 2273 Ἀλέξανδρον,
858 2188 988 2273 ἐπέρων
1001 2187 1058 2254 καὶ
1072 2185 1169 2256 αὐτοὶ

209 2287 271 2358 τδν
289 2289 449 2376 ποταμόν.
475 2289 533 2356 καλ
551 2279 644 2356 οὗτοι
661 2287 702 2356 οὐ
720 2293 838 2374 μείονα
856 2285 917 2356 τόν
943 2284 1052 2374 φόνον
1072 2289 1109 2356 ἐν
1125 2292 1168 2374 τῇ
1181 2313 1208 2354 το

210 2388 421 2478 ἀποχωρήσει
454 2394 523 2458 τῶν
551 2387 669 2458 Ἰνδῶν
706 2390 883 2475 ἐποίησαν,
919 2387 1062 2474 άκμῆτες
1093 2386 1170 2456 άντὶ

210 2491 423 2578 κεκμηκότων
448 2495 518 2558 τῶν
536 2488 619 2576 ἄμφ’
637 2489 856 2576 Ἀλέξανδρον
883 2488 1110 2576 ἐπιγενόμενοι
1126 2491 1167 2577 τῇ

212 2592 328 2672 διῶξει.

177 2715 193 2763 2
283 2690 471 2762 Ἀπέθανον
490 2689 526 2759 δὲ
543 2693 612 2758 τῶν
625 2688 742 2760 Ἰνδῶν
760 2689 851 2771 πεζοὶ
867 2688 930 2777 μὲν
947 2688 1065 2775 ὀλίγον
1083 2688 1169 2757 άπο-

211 2793 342 2870 δέοντες
368 2793 661 2878 τῶνῦδισμυρίων,
690 2795 802 2868 ἱππεῖς
829 2789 868 2858 δέ
895 2793 929 2869 ἐς
955 2797 1168 2878 τρισχιλίους,
1182 2815 1209 2856 τε

210 2894 251 2962 τά
271 2892 309 2961 δὲ
327 2891 458 2980 ἅρματα
477 2890 652 2979 ξύμπαντα
670 2890 854 2979 κατεκόπη·
887 2891 945 2958 καὶ
965 2891 1089 2980 Πῶρον
1108 2890 1170 2959 δύο

212 2998 329 3073 παῖδες
362 2991 536 3062 ἀπέθανον
568 2990 624 3058 καί
652 2990 821 3078 Σπιτάκης
854 2989 873 3058 δ
907 2991 1077 3079 νομάρχης
1102 2995 1171 3060 τῶν

211 3094 318 3182 ταότη
342 3091 460 3163 Ἰνδῶν
486 3091 543 3160 καὶ
568 3095 638 3158 τῶν
665 3091 857 3178 ἐλεφάντων
884 3091 941 3160 καὶ
959 3092 1120 3180 ἁρμάτων
1137 3097 1174 3160 ολ

211 3193 371 3282 ἡγεμόνες
384 3195 439 3261 καί
456 3198 491 3262 οἱ
503 3192 665 3279 ἱππάρχαι
682 3192 738 3260 καί
756 3197 792 3261 ολ
803 3193 981 3280 στρατηγοὶ
998 3195 1054 3280 τῆς
1068 3213 1170 3280 στρα-

212 3301 283 3376 τιᾶς
309 3297 366 3382 τῆς
385 3294 509 3382 Πῶρον
537 3292 734 3380 ξύμπαντες.
753 3287 826 3332 ***
845 3293 1041 3382 ἐλήφθησαν
1059 3293 1097 3362 δὲ
1113 3294 1210 3362 καίεο

212 3403 249 3468 οί
274 3397 463 3484 ἐλέφαντες,
489 3391 562 3462 ὅσοι
586 3421 625 3480 γε
651 3389 766 3463 αότῶν
792 3391 835 3481 μή
860 3393 967 3463 αὐτοῦ
986 3392 1169 3464 ἀπέθανον.

180 3531 196 3579 3
214 3501 284 3568 τῶν
305 3496 335 3569 δ’
352 3494 432 3584 ἄμφ’
443 3494 664 3584 Ἀλέξανδρον
684 3495 772 3579 πεζοί
786 3493 849 3583 μέν
862 3493 929 3563 άπδ
945 3496 1172 3581 ἑξακισχιλίων
