2590 3948
463 245 648 298 εαεεινιυ
665 250 693 312 ε,
710 249 751 304 νε.
1023 244 1086 310 287

125 400 182 470 καί
199 399 299 471 ῦδατι
316 399 403 471 εἶναι
420 401 630 492 κατάρρυτον
642 403 699 472 καὶ
717 404 805 474 πόαν
822 411 966 492 βαθεῖαν
980 430 1091 494 πεφυ-

125 503 219 572 κέναι
237 505 274 571 έν
287 505 333 595 τῷ
347 505 491 591 λειμῶνι.
510 501 616 572 αύτόν
629 503 667 573 δὲ
680 503 739 574 τόν
753 505 861 593 τάφου
873 504 914 575 τά
927 505 990 595 μέν
1003 505 1091 576 κάτω
1109 517 1127 569 θ

126 611 228 674 λίθου
246 606 449 694 τετραπέδου
471 608 505 686 ἐς
525 603 736 693 τετράγωνον
751 611 860 695 σχῆμα
874 612 1091 695 πεποιῆσθαι·

126 703 259 774 ἄνωθεν
298 705 336 775 δέ
368 715 490 794 οῖκημα
524 708 652 776 ἐπεῖναι
677 713 812 778 λίθινον
838 708 1092 796 ἐστεγασμένον,

92 832 104 875 s
127 811 257 894 θυρίδα
284 812 362 894 ἔχον
388 809 563 896 φέρουσαν
589 816 669 877 είσω
696 807 830 896 στενήν,
859 806 904 890 ύς
930 809 1023 897 μόλις
1050 805 1093 877 άν

127 906 192 977 είν
201 935 239 976 αι
256 905 359 996 άνδρλ
373 905 413 976 ού
432 906 568 1000 μεγάλῳ
582 908 689 976 πολλά
703 912 954 980 κακοπαθοῦντι
967 921 1093 998 παρελ-

125 1019 212 1078 θεῖν.
262 1012 298 1078 ἐν
325 1008 363 1078 δέ
388 1015 437 1101 τῷ
463 1008 619 1097 οίκῆματι
644 1007 772 1079 πύελον
797 1016 928 1099 χρυσῆν
944 1023 1093 1098 κεῖσθαι,

126 1115 184 1180 ἳνα
209 1109 247 1179 τό
267 1112 363 1199 σῶμα
380 1115 441 1179 τοῦ
459 1109 579 1199 Κύρου
598 1111 771 1198 ἐτέθαπτο,
790 1113 846 1180 καί
862 1120 983 1199 κλίνην
1000 1111 1092 1201 παρά

125 1217 169 1301 τῆ
187 1213 316 1305 πυέλφ·
344 1211 450 1291 πόδας
468 1210 507 1281 δέ
521 1209 608 1280 εἶναι
620 1216 663 1300 τῇ
680 1219 781 1302 κλίνη
795 1217 944 1301 χρυσοῦς
958 1233 1092 1302 σφυρη-

89 1337 113 1377 ιο
126 1312 261 1400 λάτους,
288 1314 345 1382 καὶ
371 1312 501 1400 τάπητα
520 1311 1011 1402 ἐπιβλημάτεονΒαβυλωνίων,
1037 1317 1093 1383 καὶ

126 1413 301 1496 καυνάκας
319 1419 520 1504 πορφυροῦς
536 1411 795 1504 ῦποστράματα.
838 1417 966 1486 ἐπεῖναι
983 1415 1021 1484 δέ
1037 1417 1093 1484 καὶ
1111 1427 1128 1476 6

127 1516 256 1597 κάνδυς
282 1517 339 1584 καὶ
365 1513 489 1596 ἄλλους
514 1521 655 1603 χιτῶνας
672 1521 733 1603 τῆς
751 1521 974 1604 Βαβυλωνίου
993 1517 1095 1605 ἐργα-

129 1626 215 1697 σίας.
242 1619 298 1685 καλ
312 1613 513 1705 ἀναξυρίδες
527 1617 680 1704 Μηδικαὶ
695 1617 751 1685 καὶ
765 1620 881 1687 στολαὶ
894 1611 1094 1687 ῦακινθινο-

128 1726 250 1807 βαφεῖς
284 1720 373 1805 λέγει
401 1716 452 1786 ῦτι
487 1723 624 1805 ἔκειντο,
652 1721 690 1786 αί
712 1717 750 1787 δέ
776 1717 968 1809 πορφύρας,
994 1723 1033 1789 αί
1056 1718 1095 1788 δέ

91 1818 231 1906 ιεάλλης
257 1821 314 1889 καί
338 1817 441 1908 άλλης
459 1817 573 1906 χρόας,
600 1818 656 1887 καὶ
683 1821 839 1908 στρεπτοὶ
864 1821 922 1889 καλ
940 1817 1095 1889 άκινάκαι

128 1920 184 1989 καὶ
199 1919 317 1989 ἐνύτια
330 1925 460 2010 χρυσοῦ
474 1946 509 1989 τε
523 1921 579 1989 καί
593 1927 702 1989 λίθων
715 1920 872 2009 κολλητά,
885 1923 942 1991 καὶ
951 1918 1094 2011 τράπεζα

129 2027 241 2091 έκειτο.
279 2023 316 2090 ἐν
333 2024 424 2114 μέσφ
444 2020 483 2090 δέ
499 2026 558 2109 τῆς
573 2030 691 2109 κλίνης
709 2021 731 2110 ῆ
750 2023 876 2104 πύελος
896 2029 998 2092 ἔκειτο
1018 2017 1039 2110 ῆ
1058 2021 1094 2092 τὸ

128 2128 224 2211 σῶμα
236 2128 297 2192 τοῦ
308 2121 568 2213 Κύρουέχουσα.
589 2121 675 2192 εἶναι
689 2123 727 2193 δὲ
738 2123 831 2206 ἐντός
844 2130 905 2194 τοῦ
915 2123 1094 2212 περιβόλου
1112 2136 1128 2186 7

126 2222 212 2314 πρός
230 2228 273 2313 τῆ
291 2221 454 2312 άναβάσει
471 2227 512 2313 τῆ
533 2224 588 2293 ἐπὶ
600 2223 662 2293 τόν
676 2225 784 2314 τάφον
802 2224 954 2315 φερούση
972 2235 1095 2314 οίκημα

89 2354 117 2395 ιο
129 2323 272 2414 σμικρὸν
289 2341 361 2405 τοῖς
379 2327 513 2412 Μάγοις
531 2327 764 2414 πεποιημένον,
791 2332 826 2394 οἳ
841 2323 883 2414 δῆ
901 2324 1095 2412 ἐφύλασσον

125 2426 187 2495 τόν
204 2425 323 2516 Κύρου
349 2427 475 2513 τάφον,
507 2432 552 2495 ἐτι
576 2421 643 2494 άπὸ
662 2425 852 2515 Καμβύσου
881 2429 944 2495 τοῦ
962 2425 1094 2514 Κύρου,

127 2541 206 2606 παῖς
232 2525 323 2616 παρά
342 2526 467 2618 πατρὸς
501 2527 717 2614 ἐκδεχόμενος
748 2526 810 2614 τῆν
827 2525 993 2615 φυλακήν.
1037 2529 1095 2596 καὶ

127 2626 259 2708 τούτοις
286 2627 459 2718 πρόβατόν
477 2654 512 2696 τε
532 2631 565 2708 ἐς
583 2628 712 2717 ἡμέραν
730 2630 861 2698 ἐδίδοτο
880 2630 916 2697 ἐκ
932 2629 1096 2717 βασιλέως

128 2729 186 2798 καὶ
205 2727 360 2819 άλεύρων
376 2756 413 2798 τε
429 2730 487 2797 καλ
505 2739 601 2798 οίνου
618 2730 805 2818 τεταγμένα
817 2729 874 2799 καλ
892 2733 993 2810 ἵππος
1010 2728 1095 2799 κατά

88 2857 115 2900 ιε
128 2832 219 2920 μῆνα
237 2831 271 2910 ἐς
287 2836 417 2900 θυσίαν
434 2835 481 2922 τῷ
500 2829 615 2924 Κύρῳ.
652 2832 879 2921 ἐπεγέγραπτο
897 2830 934 2901 δὲ
952 2828 970 2901 ὁ
988 2831 1095 2918 τάφος

129 2942 309 3019 Περσικοῖς
341 2930 527 3022 γράμμασι·
567 2932 624 3000 καὶ
658 2932 778 3020 ἐδήλου
807 2933 965 3022 Περσιστὶ
997 2933 1094 3003 τάδε·

129 3025 157 3102 ὦ
191 3032 407 3121 ἄνθρωπε,
446 3032 522 3119 ἐγά
550 3033 688 3120 Κῦρός
716 3041 799 3122 είμι
827 3032 846 3102 ὁ
873 3034 1128 3122 Καμβύσουθ

127 3133 147 3204 ό
173 3132 245 3221 τῆν
272 3133 403 3222 άρχῆν
427 3135 610 3221 Πέρσαις
636 3133 999 3221 καταστησάμενος
1025 3135 1093 3202 καὶ

126 3234 351 3324 τῆςἈσίας
376 3234 641 3325 βασιλεύσας.
675 3233 743 3322 Μῆ
771 3226 847 3304 οῦν
873 3236 1094 3324 φθονῆσης

85 3363 196 3425 εομοι
220 3342 293 3405 τοῦ
320 3335 539 3425 μνήματος.

204 3431 418 3529 Ἀλέξανδρος
445 3435 483 3506 δέ
509 3431 675 3533 (ἐπιμελές
701 3437 766 3529 γάρ
792 3429 836 3528 ῆν
859 3435 970 3529 αὐτῷ,
995 3435 1127 3506 ῦπότεθ

131 3539 200 3610 ’ἕλοι
218 3540 365 3631 Πέρσας,
390 3538 544 3630 παριέναι
562 3542 595 3619 ἐς
612 3544 674 3610 τοῦ
694 3539 812 3630 Κύρου
830 3537 893 3609 τόν
911 3535 1033 3629 τάφον)
1051 3535 1092 3607 τά
