2590 3948
242 221 305 288 306
595 221 849 280 Διατεειαεοτ

243 379 282 452 δὲ
298 379 340 450 τά
356 407 392 449 τε
408 379 493 450 ἀλλα
510 375 625 466 ἀγαθά
643 379 701 448 καὶ
718 377 880 467 ὁμόνοιάν
895 407 932 449 τε
949 381 1007 448 καλ
1026 388 1220 448 κοινωνίαν

243 487 302 569 τῆς
329 479 432 570 ἀρχῆς
451 477 627 552 Μακεδόσι
650 481 708 550 καὶ
725 481 881 568 Πέρσαις.
920 478 1006 550 εἶναι
1024 479 1065 549 δὲ
1082 482 1221 566 κατέχει

246 583 345 668 λόγος
359 583 439 662 τούς
452 581 678 670 μετασχόντας
690 586 749 669 τῆς
756 588 878 668 θοίνης
889 585 922 662 ές
932 585 1220 669 ἐννακισχιλίους,

245 686 301 754 καὶ
318 683 460 763 τούτους
477 682 605 762 πάντας
621 691 704 770 μίαν
716 708 752 752 τι
766 684 917 772 σπονδὴν
931 697 1067 754 σπεῖσαι
1081 684 1145 751 καὶ
1161 681 1216 751 ἐπ’

245 784 333 876 αύτῇ
359 790 538 854 παιανίσαι.

192 891 238 954 ’12
314 885 423 956 Ἔνθα
455 886 496 972 δὴ
530 884 704 954 ἐθελονταὶ
735 883 800 972 ἤδη
832 881 925 978 αύτῷ
959 884 1121 974 ἀπῄεσαν
1147 890 1219 953 τῶν
1267 913 1268 922 ’

247 986 460 1060 Μακεδόνων
486 985 559 1054 ὅσοι
581 983 636 1054 διά
654 991 761 1076 γῆρας
778 984 800 1072 ἥ
816 1012 891 1054 τινα
908 985 1015 1075 ἀλλην
1031 985 1217 1075 ξυμφοράν
1267 993 1268 1072 3

246 1086 407 1177 ἀπόλεμοι
421 1080 524 1176 ἦσαν·
563 1087 619 1156 καὶ
645 1077 740 1156 οὗτοι
764 1083 857 1178 αύτῷ
884 1088 1038 1173 ἐγένοντο
1067 1090 1103 1168 ές
1131 1086 1216 1166 τούς
1267 1105 1268 1128 λ

246 1197 399 1280 μυρίους.
449 1189 582 1270 τούτοις
615 1186 653 1258 δὲ
687 1187 749 1275 τήν
774 1214 810 1256 τε
835 1188 1052 1277 μισθοφοράν
1079 1185 1125 1258 ού
1153 1193 1216 1256 τού
1267 1141 1268 1220 ἀ

248 1292 421 1378 ἐξήκοντος
451 1289 515 1379 ἤδη
548 1288 671 1378 χρόνον
700 1294 824 1358 ἔδωκεν
847 1286 1065 1378 Ἀλέξανδρος
1091 1286 1243 1377 μόνον,ιι

248 1391 333 1462 ἀλλά
359 1393 416 1462 καὶ
441 1397 503 1460 τού
531 1393 564 1470 ἐς
589 1388 651 1477 τήν
669 1387 892 1478 ἀπονόστησιν
910 1390 973 1477 τὴν
990 1395 1111 1460 οίκαδε
1129 1393 1216 1478 ξυμ·

216 1501 435 1584 Ξβαίνοντος.
481 1493 627 1562 ἐπέδωκε
655 1493 691 1560 δὲ
717 1493 773 1560 καὶ
794 1490 957 1560 τάλαντον
977 1490 1108 1583 ἑκάστῳ
1126 1489 1215 1579 ὑπὲρ

249 1595 312 1684 τὴν
343 1592 571 1684 μισθοφοράν·
612 1597 731 1672 παῖδας
761 1592 799 1662 δέ
833 1601 868 1662 εί
893 1619 939 1684 τῳ
966 1585 1053 1680 ἦσαν
1080 1595 1121 1660 ἐκ
1147 1598 1215 1660 τῶν

248 1695 411 1768 Ἀσιανῶν
441 1699 625 1781 γυναικῶν,
655 1695 745 1782 παρὰ
772 1689 810 1764 οἷ
830 1702 1027 1763 καταλιπεῖν
1055 1695 1213 1762 ἐκέλευσε

251 1798 336 1886 μηδὲ
354 1796 470 1866 στάσιν
487 1797 642 1881 κατάγειν
660 1798 693 1875 ές
707 1799 929 1866 Μακεδονίαν
946 1787 1168 1882 ἀλλοφύλους
1182 1822 1213 1863 τε
1224 1821 1240 1859 ιι

249 1899 306 1967 καί
333 1900 370 1966 ἐκ
394 1903 464 1966 τῶν
489 1895 669 1985 βαρβάρων
687 1898 858 1982 γυναικῶν
884 1899 1007 1975 παῖδας
1032 1909 1105 1976 τοίς
1129 1907 1214 1966 οίκοι

249 1998 541 2086 ὑπολελειμμένοις
557 2005 655 2066 παισί
667 2023 702 2066 τε
711 1997 767 2066 καὶ
776 1992 938 2084 μητράσιν
952 1993 1080 2064 αὐτῶν·
1108 1994 1213 2076 αύτός

251 2099 289 2170 δὲ
316 2099 572 2188 ἐπιμελήσεσθαι
596 2097 640 2177 ῶς
660 2100 870 2187 ἐκτρέφοιντο
889 2102 1149 2186 Μακεδονικῶς,
1175 2097 1214 2166 τά

249 2229 285 2272 τε
303 2199 387 2270 ἀλλα
404 2202 461 2270 καὶ
480 2202 513 2280 ές
529 2199 570 2268 τά
588 2201 728 2288 πολέμια
745 2197 982 2286 κοσμούμενοι·
1006 2202 1213 2286 γενομένους

251 2303 289 2372 δὲ
315 2301 442 2392 ἀνδρας
468 2301 558 2383 ἀξειν
584 2297 687 2380 αύτδς
715 2303 747 2380 ἐς
770 2304 989 2370 Μακεδονίαν
1013 2301 1072 2368 καὶ
1099 2326 1242 2388 παρα-α

217 2403 372 2474 ὃδάσειν
404 2417 474 2484 τοίς
500 2401 652 2492 πατράσι.
704 2401 810 2470 ταῶτά
842 2427 878 2470 τε
909 2396 1215 2490 ἀπαλλαττομένοις

250 2505 447 2592 ἀστάθμητα
480 2505 538 2572 καὶ
564 2501 752 2591 ἀτέκμαρτα
785 2501 1009 2590 ἀπηγγέλλετο
1036 2502 1093 2569 καί
1122 2499 1214 2584 ὅπως

251 2613 316 2693 ἔχει
333 2612 445 2694 φιλίας
462 2631 497 2675 τε
514 2605 571 2674 καὶ
588 2604 700 2673 πόθου
723 2607 757 2684 ἐς
775 2600 900 2682 αύτούς
916 2601 954 2672 τό
971 2601 1216 2690 ἀτρεκέστατον

251 2707 426 2795 τεκμήριον
445 2709 552 2775 έκεῖνο
570 2715 736 2774 ποιεῖσθαι
751 2703 860 2791 ἠξίου,
878 2701 1000 2772 ὅτιτῶν
1012 2703 1216 2775 πιστότατόν

251 2834 288 2876 τε
314 2807 407 2898 αύτῷ
433 2808 489 2875 καὶ
515 2805 629 2876 ὅντινα
657 2817 731 2876 ἴσον
755 2811 797 2894 τῇ
826 2807 947 2874 ἑαυτοῦ
969 2809 1099 2894 κεφαλῇ
1130 2804 1246 2894 aym

253 2908 427 2996 Κράτερον
453 2911 639 2994 ξυμπέμπει
663 2902 780 2986 αύτοῑς
807 2904 943 2993 φύλακά
967 2931 1004 2974 τε
1029 2907 1087 2974 καὶ
1104 2905 1217 2994 ἡγού-

253 3036 355 3098 μενον
373 3013 434 3078 τού
449 3007 581 3078 στόλου.
609 3007 698 3076 οὕτω
711 3005 753 3095 δὴ
767 3006 1002 3094 ἀσπασάμενος
1016 3005 1218 3094 ξύμπαντας

253 3105 356 3192 αύτός
372 3137 407 3178 τε
432 3109 590 3198 δακρύων
616 3109 672 3178 καὶ
689 3108 898 3196 δακρύοντας
918 3111 1065 3188 ἐκείνους
1083 3103 1156 3178 ἀπό
1175 3101 1218 3179 οὗ

215 3210 431 3299 4ἀπήλλαξε.
459 3211 619 3304 Κρατέρῳ
646 3210 684 3280 δὲ
709 3209 849 3290 τούτους
875 3236 911 3278 τε
937 3208 1029 3295 ἀγειν
1057 3211 1218 3281 ἐκέλευσε

253 3315 309 3382 καὶ
347 3311 555 3399 ἀπαγαγόντι
586 3318 798 3392 Μακεδονίας
831 3337 867 3379 τε
900 3313 956 3380 καὶ
989 3309 1126 3400 Θρᾴκης
1161 3314 1248 3381 aaz„

255 3417 430 3484 Θετταλῶν
457 3417 644 3500 ἐξηγεῖσθαι
669 3413 724 3483 καὶ
750 3417 818 3480 τῶν
838 3409 1006 3498 Ἑλλήνων
1029 3417 1090 3498 τῆς
1117 3415 1218 3482 ἐλευ-

253 3522 388 3604 θερίας·
428 3516 647 3602 Ἀντίπατρον
672 3512 711 3581 δὲ
729 3513 908 3598 διαδόχους
925 3525 995 3591 τοῖς
1010 3509 1218 3602 ,ἀποπεμπο-
