2590 3948
230 250 294 316 284
583 251 838 310 met-:Ampor

229 420 319 481 λωτιι
338 407 359 498 ἣ
378 408 496 480 ἑκόντα
513 400 811 500 προσχωρήσαντα,
828 411 972 479 τοσαῦτα
991 407 1052 496 μὲν
1068 407 1200 496 πλήθει

229 511 322 640 όντμ,
347 511 449 580 τόσον
476 511 514 580 δὲ
537 510 694 599 ἀλλήλων
718 508 940 601 ἀφεστηκότα,
965 509 1015 580 ότι
1032 507 1097 579 ούκ
1116 511 1199 597 ἐξῆν
1270 515 1271 600 j

228 611 296 683 ύπό
310 640 350 738 τη
338 611 583 701 Ἀλεξάνδρου
597 621 749 704 βασιλεία
758 611 949 682 αδικεισθαι
960 639 1038 692 τους
1046 607 1199 700 αρχομέ
1270 633 1271 680 ι

228 742 311 795 νους
324 713 392 784 ύπὸ
406 740 475 782 των
483 741 666 800 αρχοντων
668 714 707 804 )
702 714 852 802 Ηράκων
864 713 949 783 δέ
910 739 985 782 τοτε
994 713 1056 802 μὲν
1065 709 1198 801 ἀφείθη

229 819 289 904 τῆς
319 822 442 896 αἰτίας·
493 813 677 902 όλίγονόὲ
702 814 845 905 ὕστερον
878 816 1082 903 ἐξελεγχθείς
1110 813 1221 904 πρός5

229 917 368 1004 ἀνδρῶν
386 923 546 986 Σουσίων
579 919 799 1006 σεσυληκέναι
823 944 860 986 το
850 915 916 985 έν
935 915 1082 996 Σούσοις
1101 915 1199 1004 ἱερὸν

229 1019 287 1086 καὶ
313 1011 412 1099 οὗτος
440 1022 544 1088 ἔδωκε
570 1024 677 1106 δίκην.
719 1025 755 1088 οί
778 1018 817 1087 δὲ
843 1017 906 1100 ξύν
925 1016 1115 1106 Στασάνορι
1140 1017 1198 1086 καὶ

196 1133 212 1181 6
232 1120 457 1208 Φραταφέρνῃ
476 1119 605 1208 πλῆθός
622 1147 658 1190 τε
671 1118 866 1207 ύποζυγίωυ
880 1113 961 1208 παρ’
974 1115 1198 1206 Ἁλέξανδρον

228 1219 365 1307 ἀγοντες
400 1213 510 1308 ἦλθον
539 1223 596 1290 καὶ
626 1221 796 1310 καμήλους
826 1219 962 1306 πολλάς,
993 1213 1039 1301 ὦς
1066 1226 1198 1310 ἔμαθον
1270 1221 1271 1226 ’

230 1320 281 1390 ότι
321 1325 382 1410 τὴν
431 1323 487 1392 ἐπὶ
528 1329 736 1411 Γαδρωσίων
776 1321 870 1444 άγει,
916 1319 1166 1402 είκόσαυτες”
1147 1349 1199 1390 οτι
1211 1342 1230 1381 1⁰

229 1420 315 1492 αύτά
367 1426 476 1492 έκεῑνα
521 1431 667 1493 πείσεται
711 1422 804 1517 αύτῷ
846 1418 867 1512 ἡ
911 1422 1044 1510 στρατιά
1087 1420 1110 1490 ἃ
1154 1422 1198 1509 δη

232 1529 351 1614 ἔπαθε,
376 1526 432 1592 καὶ
459 1515 522 1594 οὖν
548 1527 605 1594 καὶ
633 1529 670 1594 έν
695 1553 800 1618 καιρω
823 1517 952 1613 μὲν
910 1552 1002 1594 ουτοι
1019 1522 1199 1612 ἀφίκοντο,
1270 1541 1271 1552 *

230 1628 266 1695 έν
303 1631 408 1716 καιρςό
443 1627 481 1695 δὲ
518 1631 555 1695 οί
588 1625 735 1716 κάμηλοί
770 1653 805 1694 τε
843 1628 900 1694 καὶ
936 1624 977 1693 τά
1013 1625 1198 1712 ύποζύγια

230 1729 370 1815 διένειμε
419 1726 485 1814 γάρ
535 1727 709 1816 ξύμπαντα
749 1722 964 1814 Ἀλέξανδρος
1015 1741 1086 1806 τοῖς
1134 1727 1197 1816 μὲν

229 1826 367 1914 ἡγεμόσι
403 1825 478 1896 κατ’
516 1827 643 1918 ἀνδρα,
677 1843 747 1909 τοῖς
780 1828 818 1897 δὲ
851 1823 926 1896 κατ’
967 1835 1040 1908 ίλας
1072 1854 1109 1897 τε
1141 1829 1231 1897 καὶῑὸ

230 1927 450 2016 ἑκατοστύας,
501 1945 571 2010 τοῖς
620 1930 658 1999 δέ
700 1928 784 1998 κατά
828 1929 969 2017 λόχους,
1017 1927 1107 2010 ὅπως
1157 1929 1197 1999 τό

228 2033 360 2115 πλῆθος
400 2034 471 2098 τοῖν
508 2028 701 2116 ὑποζυγίων
739 2058 776 2101 τε
809 2031 866 2100 καὶ
905 2038 1063 2118 καμηλων
1101 2029 1200 2124 αύτῷ

229 2131 436 2216 ξυνέβαινεν.

179 2235 219 2300 28
295 2229 384 2319 Ἤδη
411 2233 451 2302 δέ
474 2259 562 2311 τινες
587 2234 644 2301 καὶ
670 2233 783 2303 τοιάδε
801 2232 1007 2322 ἀνέγραψαν,
1035 2231 1076 2302 ού
1095 2233 1198 2303 πιστά

230 2335 303 2422 ἐμοὶ
330 2335 496 2421 λέγοντες,
526 2327 572 2414 ύς
599 2336 755 2418 συζεύξας
782 2335 847 2405 δύο
870 2333 1066 2423 ἁρμαμάξας
1092 2359 1233 2404 κατα-ιι

231 2442 382 2523 κείμενος
409 2434 472 2518 ξύν
498 2450 569 2516 τοῖς
598 2437 739 2526 ἑταίροις
756 2435 1029 2524 καταυλούμενος
1053 2436 1117 2525 τὴν
1143 2442 1199 2505 διὰ

229 2542 429 2624 Καρμανίας
454 2529 550 2625 η’γεν,
575 2534 597 2623 ἡ
622 2535 756 2625 στρατιά
775 2537 813 2606 δὲ
831 2535 923 2629 αύτῷ
943 2539 1198 2626 ἐστεφανωμένη

230 2637 348 2706 τεκαὶ
374 2645 538 2720 παίζουσα
565 2643 694 2726 εἵπετο,
726 2635 904 2726 προύκειτο
937 2638 975 2706 δέ
1000 2636 1089 2727 αὐτῇ
1118 2640 1200 2708 σῑτά

228 2763 265 2806 τε
290 2737 346 2805 καὶ
372 2734 434 2805 ὅσα
460 2736 544 2806 ἀλλα
571 2741 604 2818 ἐς
628 2739 762 2828 τρυφὴν
779 2740 871 2827 παρά
896 2737 956 2818 τάς
982 2737 1084 2818 ὁδούς
1110 2760 1200 2826 συγ-

230 2839 450 2925 κεκομισμένα
488 2836 573 2926 πρός
612 2847 681 2911 τῶν
721 2849 951 2930 Καρμανίων,
989 2841 1048 2906 καὶ
1086 2842 1236 2906 ταύταιι

230 2938 314 3026 πρὸς
349 2944 486 3026 μίμησιν
520 2941 580 3026 της
610 2939 782 3010 Διονύσου
813 2946 977 3027 Βυκχείας
1008 2937 1200 3030 ἀπεικάσθη

199 3067 213 3114 2
229 3037 447 3132 Ἀλεξάνδρῳ,
463 3037 576 3107 ὅτικαὶ
589 3039 677 3129 ὑπὲρ
692 3044 824 3110 ἐκείνου
839 3041 939 3126 λόγος
949 3041 1078 3128 ἐλέγετο
1093 3069 1201 3110 κατα-

235 3139 467 3228 στρεψάμενον
481 3138 610 3221 Ἰνδούς
629 3141 801 3212 Διόνυσον
819 3142 909 3212 οὕτω
922 3141 983 3231 τὴν
996 3141 1125 3229 πολλὴν
1138 3148 1202 3229 τῆς

229 3238 343 3321 Ἀσίας
361 3245 527 3330 ἐπελθεῖν,
546 3243 602 3310 καὶ
621 3241 795 3331 Θρίαμβόν
810 3269 846 3312 τε
860 3243 964 3312 αὐτόν
979 3245 1204 3330 ἐπικληθῆναι

233 3341 295 3410 τόν
327 3342 499 3412 Διόνυσον
530 3344 587 3410 καὶ
621 3345 681 3424 τάς
717 3345 772 3412 ἐπὶ
808 3359 880 3424 ταῖς
911 3351 1018 3424 νίκαις
1049 3358 1124 3424 ταῖς
1163 3349 1239 3414 έκσο

235 3444 383 3531 πολέμου
415 3442 548 3530 πομπάς
580 3444 635 3510 ἐπὶ
664 3449 712 3535 τῷ
744 3440 838 3536 αύτῷ
865 3443 973 3536 τούτῳ
999 3444 1203 3534 θριάμβους.

234 3547 340 3610 ταῦτα
352 3543 390 3610 δὲ
404 3542 480 3612 οὔτε
492 3550 698 3629 Πτολεμαῖος
709 3543 725 3612 ὁ
736 3543 852 3631 Λάγου
863 3543 1204 3636 ούτεἈριστόβουλος
