2590 3948
437 235 621 288 ιαιειειε
648 239 672 302 τ,
693 240 732 288 ιε,
1007 234 1068 300 317

3 433 27 472 r:
107 392 175 480 γάρ
201 391 317 472 αὐτοῖς
344 391 462 478 ὀλίγου
489 393 614 481 χρόνον
646 394 807 463 ἐκποδών.
860 395 917 462 καὶ
943 392 1102 481 ταύτην3

108 493 169 582 τὴν
185 491 360 580 ἐπιστολὴν
373 494 461 578 λέγει
470 492 721 583 Ἀριστόβουλος
734 503 937 582 κομίσασθαι
947 493 1066 564 Ἀπολ-

2 637 27 678 ;,-
108 596 261 684 λόδωρον
287 597 346 684 μιᾷ
372 595 524 683 πρόσθεν
556 593 663 686 ἡμέρῳ
688 591 709 682 ἢ
735 598 928 682 τελευτῆσαι
950 593 1070 682 Ἡφαι-

2 745 15 780 r.
109 703 246 765 στίωνα.
290 688 390 776 αὖθις
415 695 454 765 δὲ
470 695 619 766 θύεσθαι
635 695 696 765 τόν
715 698 932 784 Πειθαγόραν
951 697 1067 765 ἐπι
1022 723 1069 788 τῳ

3 849 16 884 ;
81 825 96 866 ε
107 796 314 889 Ἀλεξάνδρῳ
331 797 388 864 καὶ
405 798 564 884 γενέσθαι
580 824 636 865 και
625 796 707 866 ἐπ’
723 795 931 891 Ἀλεξάνδρῳ
946 796 1070 886 ἄλοβον

2 955 7 988 ,
108 898 145 966 τό
171 890 262 988 ἧπαρ
279 925 340 966 του
327 903 496 984 ἱερείου.
540 899 598 967 καὶ
615 899 833 986 Πειθαγόραν
849 897 890 967 τά
908 897 994 967 αύτά
1013 899 1070 968 καὶ

3 1055 20 1090 .:
108 998 197 1088 ύπερ
220 998 442 1087 Ἀλεξάνδρου
469 999 595 1087 γράψαι
617 998 867 1122 Ἀπολλοδώρῳ.
907 997 1069 1071 Ἀπολλό-

109 1106 220 1188 δωρον
238 1101 276 1170 δε
294 1098 335 1169 ού
359 1104 620 1189 κατασιωπῆσαι,
646 1101 733 1169 ἀλλά
760 1100 886 1187 φράσαι
902 1100 967 1188 γάρ
986 1099 1072 1189 πρός

19 1261 22 1266 .
106 1198 331 1291 Ἀλεῖαυδρου
353 1201 394 1270 τά
413 1204 650 1290 ἐπεσταλμένα,
677 1200 723 1282 σός
741 1200 877 1270 εὔνοιαν
894 1202 1025 1288 μᾶλλόν
1040 1229 1072 1269 τι

2 1365 17 1398 ,Ι
68 1332 96 1370 ιο
111 1303 356 1391 ἐπιδειξόμενον
369 1307 416 1394 τῳ
427 1311 567 1391 βασιλεῖ,
585 1309 617 1372 εί
625 1302 854 1390 φυλάττεσθαι
863 1305 1072 1390 παραινέσειε

2 1467 13 1478 ,
109 1405 155 1491 μή
179 1431 228 1484 τις
254 1403 347 1495 αὐτῷ
374 1409 535 1484 κίνδυνος
562 1407 598 1472 ἐν
624 1409 673 1494 τῳ
698 1403 772 1473 τότε
790 1403 959 1492 ξυμπέσοι.
1014 1407 1104 1473 καὶ4

3 1497 7 1592 ’,
106 1503 362 1593 Ἀπολλόδιορόν
379 1533 415 1574 τε
433 1507 521 1591 λέγει
548 1505 599 1573 ὅτι
614 1499 833 1592 Ἀλέξανδρος
853 1504 997 1594 ἐπῄνεσε
1014 1509 1071 1575 καὶ

3 1593 9 1606 ”
109 1607 170 1674 τὸν
196 1607 424 1695 Πειθαγόραν,
453 1606 564 1693 ἐπειδὴ
592 1609 767 1694 παρῆλθεν
794 1614 843 1686 είς
869 1611 1071 1693 Βαβυλῶνα,

3 1777 4 1782 ,
109 1704 207 1795 ἤρετο
224 1706 303 1776 ὅτου
321 1709 505 1794 γενομένου
524 1704 618 1797 αύτῷ
636 1714 773 1795 σημείου
786 1713 893 1776 ταῦτα
908 1708 1072 1776 ἐπέστειλε

70 1835 97 1876 ιε
110 1808 194 1895 πρὸς
220 1807 282 1876 τόν
307 1806 472 1895 ἀδελφόν·
504 1805 565 1876 τόν
583 1807 622 1876 δὲ
645 1815 753 1877 εἰπεῖν
772 1806 822 1878 ὅτι
839 1807 965 1897 ἄλοβόν
983 1813 1019 1876 οί
1033 1807 1070 1876 τό

3 1905 4 1908 “
110 1901 200 1996 ἧπαρ
220 1911 349 1994 ἐγένετο
366 1915 429 1977 τοῦ
449 1914 588 1996 ἱερείου·
624 1911 786 1998 ἐρομένου
805 1909 843 1978 δὲ
861 1907 924 1978 ὄτι
941 1924 1019 1979 νοοῖ
1033 1905 1071 1978 τό

4 2003 9 2104 ,⁵
111 2024 248 2098 σημεῖον
273 2011 359 2097 μέγα
376 2015 484 2078 εἰπεῖν
505 2009 591 2079 εἶναι
607 2011 763 2098 χαλεπόν.
799 2010 1017 2098 Ἀλέξανδρον
1035 2010 1073 2080 δὲ

109 2110 273 2180 τοσούτου
300 2113 415 2198 δεῆσαι
441 2117 624 2199 χαλεπῆναι
648 2115 695 2204 τῳ
713 2111 923 2202 Πενθαγόρῳ,
952 2111 997 2192 οδς
1014 2115 1072 2181 καὶ

7 2210 10 2218 ’
110 2211 155 2280 δι’
176 2215 361 2299 ἐπιμελείας
381 2218 468 2299 ἔχειν
486 2213 593 2282 αότδν
609 2220 776 2298 πλείονος,
795 2211 844 2281 ὅτι
861 2211 992 2293 ἀδόλως
1009 2213 1072 2299 τὴν

4 2305 5 2318 ³
68 2342 96 2381 εο
111 2308 273 2399 ἀλήθειάν
299 2319 335 2381 οί
365 2319 498 2401 ἔφρασε.
550 2319 658 2382 ταότα
695 2312 798 2392 αὐτὸς
822 2313 1106 2402 Ἀριστόβουλοςσ

110 2415 197 2500 λέγει
214 2414 303 2500 παρὰ
323 2415 540 2501 Πειθαγόρου
559 2416 745 2483 πυθέσθαι·
770 2415 827 2481 καὶ
842 2420 1016 2503 Περδίκκᾳ
1034 2413 1072 2483 δὲ

110 2513 364 2601 μαντεύσασθαι
397 2512 504 2583 αὐτόν
536 2516 625 2600 λέγει
658 2517 714 2582 καὶ
745 2512 925 2606 Ἀντιγόνῳ
960 2513 1072 2606 χρόνῳ

5 2695 7 2702 Ι
110 2613 267 2702 ὕστερον
303 2618 360 2684 καὶ
377 2618 438 2683 τοῦ
459 2615 564 2684 αὐτοῦ
585 2623 722 2703 σημείου
741 2615 870 2703 ἀμφοῖν
887 2617 1072 2704 γενομένου

5 2723 6 2726 ’
111 2721 306 2804 Περδίκκαν
331 2743 367 2784 τε
395 2718 451 2786 ἐπὶ
477 2724 688 2804 Πτολεμαῖον
714 2716 960 2803 στρατεύσαντα
987 2715 1072 2785 ἀπο-

71 2845 98 2886 25
111 2827 231 2887 θανεῖν
257 2818 314 2885 καὶ
336 2815 529 2904 Ἀντίγονον
556 2819 593 2886 ἐυ
610 2820 651 2906 τῇ
670 2819 759 2907 μάχῃ
777 2823 820 2906 τῇ
838 2817 923 2908 πρδς
942 2819 1072 2888 Σέλευ-

110 2946 173 2987 κον
198 2918 254 2986 καὶ
267 2926 466 3006 Λυσίμαχον
490 2920 532 3008 τῇ
561 2920 597 2986 ἐν
620 2915 699 3012 Ἰψῷ
717 2919 891 3009 γενομένῃ.
935 2921 992 2988 καὶ
1010 2919 1106 3007 μδυο

112 3019 155 3107 δὴ
188 3020 245 3088 καὶ
275 3017 363 3107 ύπέρ
391 3019 552 3089 Καλάνου
586 3022 651 3089 τού
682 3025 843 3108 σοφιστοῦ
874 3026 937 3089 τοῦ
962 3015 1072 3090 Ἰνδού

110 3120 244 3190 τοῖόσδε
274 3146 323 3201 τις
344 3047 607 3208 ράναγέγραπται
640 3121 758 3244 λόγος,
793 3121 894 3190 ὁπότε
930 3119 1048 3192 ἐπὶ
1010 3148 1074 3208 την

111 3221 225 3311 πυράν
251 3219 303 3311 ᾔει
328 3219 624 3310 ἀποθανούμενος,
655 3223 730 3291 τότε
754 3223 834 3302 τούς
859 3221 922 3309 μδν
948 3221 1073 3301 ἀλλους

73 3351 99 3391 ιο
114 3326 267 3411 ἑταίρους
284 3317 489 3406 ἀσπάζεσθαι
507 3320 625 3411 αὐτόν,
639 3319 846 3416 Ἀλεξάνδρῳ
865 3323 903 3392 δε
920 3321 983 3392 ούκ
997 3325 1074 3393 ε’θε·

112 3427 210 3512 λῆσαι
227 3432 429 3511 προσελθεῖν
447 3420 696 3512 ἀσπασόμενον,
713 3422 800 3493 ἀλλά
818 3423 923 3512 φάυαι
941 3421 1007 3511 γάρ
1025 3423 1075 3492 ότι

113 3529 151 3596 ἐν
167 3529 347 3614 Βαβυλυνι
364 3523 457 3619 αότῳ
442 3523 662 3613 ἐντυχῳν’
643 3526 837 3598 ἀσπάσεται.
877 3527 934 3595 καὶ
951 3551 1074 3595 τουτον
