2678 3950
219 211 283 277 232
574 207 828 268 Αιεειευιεον

219 370 275 442 καὶ
302 375 338 439 οί
358 369 455 438 άλλοι
472 367 664 458 πρόσχωροι
689 365 806 448 αύτοϊς
831 367 1097 456 ξυνεληλυθότες
1114 393 1180 459 προ

220 476 279 559 τῆς
305 470 435 550 πόλεως
453 469 741 559 παρατεταγμένοι
766 459 853 555 ἦσαν
879 469 935 539 ἐπὶ
960 469 1112 557 γηλόφου
1137 469 1178 540 ού

220 573 328 658 πάντη
361 571 534 659 άποτόμου
566 569 681 661 κύκλῳ
714 567 753 638 δέ
784 573 846 638 τοῦ
874 570 1026 659 γηλόφου
1053 565 1177 659 άμάξος

222 671 477 761 περιστήσαντες
517 671 609 751 ἐντός
649 668 763 739 αύτοῦν
797 674 1096 761 ἐστρατοπέδευον,
1135 671 1177 750 οἷς

221 777 384 865 τριπλοῦν
410 774 540 862 χάρακα
565 777 825 861 περιβεβλῆσθαι
852 771 916 862 πρὸ
942 779 1011 842 τάν
1032 775 1204 861 άμαξάν.ε

188 875 436 964 εἈλέξαυδρος
463 873 501 943 δέ
518 873 558 942 τό
583 899 619 942 τε
644 876 776 959 πλῆθος
793 873 938 942 κατιδὼν
955 879 1025 943 τῶν
1049 873 1177 964 βαρβά-

222 1005 291 1066 ροιν
317 978 374 1045 καὶ
400 981 462 1044 τοῦ
489 982 615 1065 χωρίου
641 975 703 1061 τήν
720 973 838 1064 φύσιν,
866 973 911 1055 ὥς
936 977 1078 1063 μάλιστα
1094 976 1179 1065 πρός

220 1080 261 1146 τά
282 1077 433 1167 παρόντα
452 1078 488 1144 ἐν
506 1079 611 1167 καιρῷ
631 1080 667 1144 οί
683 1077 840 1163 ἐφαίνετο
857 1077 1094 1165 παρετάσσετο·
1120 1078 1178 1144 καὶ

221 1179 301 1260 τοῦς
327 1178 390 1266 μέν
418 1177 634 1259 ἱπποτοξότας
656 1174 764 1257 εύθύς
783 1174 828 1258 ὡς
847 1177 936 1264 εἶχεν
953 1179 1109 1266 ἐκπέμπει
1123 1175 1175 1246 ἐπ’

222 1280 368 1366 αύτούς,
403 1277 676 1368 άκροβολιζεσθαι
707 1276 870 1357 κελεύσας
895 1279 1177 1369 παριππεύοντας,
1192 1304 1219 1345 ιο

223 1375 268 1463 άς
299 1380 381 1470 μήτε
414 1379 580 1467 ἐκδρομήν
610 1405 684 1448 τινα
717 1378 918 1466 ποιήσασθαι
948 1379 1028 1460 τούς
1050 1379 1178 1460 Ἰνδούς

223 1484 305 1570 πρὶν
331 1481 559 1568 ξυνταχθῆναι
584 1477 678 1571 αύτῷ
696 1480 758 1566 τήν
782 1482 940 1566 στρατιάν
957 1481 1012 1550 καὶ
1030 1480 1075 1560 οἱς
1092 1490 1179 1570 πλη-

222 1583 284 1671 γάς
310 1591 488 1670 γίγνεσθαι
512 1579 631 1660 αύτολς
648 1583 705 1650 καὶ
724 1579 788 1670 πρό
806 1584 864 1669 τής
882 1583 987 1670 μάχης
1006 1581 1099 1662 ἐντός
1116 1587 1179 1651 τοῦ

188 1683 449 1772 οόχυρύματος.
478 1677 581 1762 αύτὸς
606 1681 646 1750 δέ
673 1682 727 1750 ἐπὶ
753 1683 816 1770 μέν
841 1687 901 1752 τοῦ
929 1685 1037 1764 δεξιοῦ
1072 1685 1179 1772 κέρως

222 1793 291 1855 τῶν
319 1781 449 1854 ίππέων
474 1783 511 1852 τὸ
539 1781 649 1872 άγημα
674 1785 854 1872 κατέστησε
879 1786 937 1853 καὶ
954 1783 1016 1870 τήν
1034 1791 1177 1855 Κλείτου
1192 1809 1218 1850 ιε

227 1890 424 1975 ἱππαρχίαν,
453 1885 632 1973 ἐχομένους
655 1885 694 1952 δέ
711 1885 841 1955 τούτων
858 1885 1180 1975 τούςύπασπιστάς,

223 1987 280 2056 καὶ
306 1988 361 2057 ἐπὶ
379 1981 509 2066 τούτοις
535 1984 616 2064 τοῦς
629 1983 820 2074 Ἀγριᾶνας·
853 1985 937 2055 κατά
965 1986 1003 2056 δέ
1028 1989 1066 2055 τὸ
1093 1986 1179 2056 εύιό-

223 2114 332 2175 νυμου
360 2093 548 2173 Περδίκκας
585 2084 678 2178 αύτῷ
714 2089 886 2176 ἐτέτακτο,
923 2087 986 2175 τήν
1011 2115 1047 2158 τε
1072 2088 1179 2158 αὐτοῦ

224 2195 309 2277 έχων
345 2193 528 2277 ἱππαρχίαν
561 2188 618 2256 καὶ
652 2187 711 2268 τὰς
737 2195 807 2258 τεόν
832 2197 1032 2278 πεζεταίρων
1058 2190 1178 2271 τάξεις·
1320 2271 1321 2278 ¹

224 2293 278 2360 ἐπὶ
304 2291 409 2380 κέρως
436 2289 474 2358 δέ
502 2289 661 2377 ἑκατέρου
689 2293 724 2357 οί
747 2289 878 2371 τοξόται
900 2288 993 2383 αύτῷ
1012 2296 1086 2378 διχῆ
1105 2297 1176 2359 δια-
1193 2314 1219 2354 εο

190 2392 394 2482 ἰκρνθέντες
422 2389 620 2478 ἐτάχθησαν.
669 2388 861 2459 ἐκτάσσοντι
886 2391 924 2460 δὲ
956 2389 1048 2484 αύτῷ
1075 2417 1180 2480 παρε-
1320 2401 1321 2410 ’

222 2495 361 2580 γένοντο
387 2492 444 2561 καὶ
470 2497 506 2560 οἱ
530 2490 596 2558 άπὸ
623 2495 682 2578 τῆς
708 2489 1002 2579 ὀπισθοφυλακίας
1029 2501 1122 2576 πεζοί
1144 2519 1180 2562 τε
1320 2521 1321 2574 χ

222 2597 279 2662 καὶ
307 2599 428 2673 ίππεῑς.
472 2593 530 2661 καὶ
555 2592 686 2661 τούτων
711 2591 792 2672 τοῦς
817 2591 880 2681 μέν
908 2596 1029 2674 ίππέας
1058 2596 1112 2663 ἐπὶ
1138 2592 1177 2662 τά

222 2697 345 2781 κέρατα
372 2693 490 2762 διελάυ
516 2693 727 2782 παρήγαγεν·
760 2692 826 2761 ἀπὸ
850 2693 889 2762 δὲ
905 2697 975 2763 τῶν
993 2698 1180 2777 πεζῦντῶν

223 2794 501 2884 προσγενομένων
523 2794 735 2882 πυκνοτέραν
754 2795 816 2880 τήν
831 2795 1019 2880 σύγκλεισιν
1032 2799 1090 2882 τής
1111 2797 1174 2884 φά·
1193 2817 1219 2860 υ
1320 2811 1321 2886 3

223 2904 347 2982 λαγγος
373 2895 513 2981 ποιήσας
547 2892 652 2974 αύτός
679 2889 861 2983 άναλαβοδυ
893 2896 954 2982 τὴν
986 2901 1092 2965 ἵππου
1117 2896 1180 2984 τήν

224 2999 279 3066 ἐπὶ
304 2999 364 3064 τοῦ
383 2998 493 3078 δεξιοῦ
510 2995 715 3083 τεταγμένην
732 2997 925 3084 παρήγαγεν
947 2999 1001 3067 ἐπὶ
1020 2997 1080 3078 τάς
1096 2997 1179 3066 κατά

222 3096 260 3166 τό
277 3094 456 3184 εύοόνυμου
469 3093 661 3165 τῶνἸνδῦυ
675 3096 811 3185 ἁμάξας.
838 3097 945 3186 ταύτῃ
959 3098 1024 3185 γάρ
1034 3097 1180 3189 εύπροσ-

224 3198 392 3287 οδοότερον
415 3196 507 3287 αὐτῷ
533 3199 687 3284 ἐφαίνετο
708 3197 746 3267 τῦ
765 3205 889 3288 χοιρίον
912 3197 1029 3268 καλοῦ
1055 3203 1181 3271 πυκναὶ

225 3299 387 3380 ύσαύτοις
413 3305 452 3369 αι’
475 3296 596 3386 ἅμαξαι
622 3299 866 3387 ἐφειστήκεσαν.
1194 3323 1220 3364 ιο

171 3409 214 3476 23
297 3398 354 3480 Ὡς
394 3399 433 3469 δέ
474 3400 528 3468 ἐπὶ
566 3400 630 3486 τήν
662 3404 768 3468 ἵππον
801 3406 1085 3490 προσαγαγοῦσαν
1119 3402 1182 3472 ούκ

226 3501 408 3592 ἐξέδραμον
434 3506 471 3571 οί
482 3498 582 3570 Ἰνδοὶ
610 3502 673 3583 ἔξω
698 3503 765 3570 τῶν
791 3500 939 3592 ἁμαξῶν,
966 3502 1040 3572 ἄλλ’
1071 3505 1182 3593 ἐπιβε-
