2664 3946
504 233 688 286 Ammz
705 240 728 294 ε,
748 239 773 288 ο.
1056 234 1118 300 105

158 367 216 434 καί
235 366 412 458 Βάλακρον
434 371 497 440 τόν
510 372 698 462 Ἀμύντου,
720 374 894 465 ναύαρχον
919 375 957 444 δὲ
976 377 1117 446 ἐπὶτῶν

158 471 247 536 νεῶν
261 474 449 559 Πολέμωνα
461 475 522 542 τὸν
537 477 771 565 Θηραμένους·
790 477 1061 566 σωματοφύλακα
1078 477 1117 546 δὲ

155 571 232 643 άντί
255 575 403 665 Ἀρρύβα
425 578 618 650 Λεοννάτον
642 581 703 648 τὸν
726 579 863 648 Ἀντέου
883 581 1014 660 ἔταξεν·
1038 578 1116 667 Ἀρ·

156 675 259 761 ρύβας
285 678 352 764 γάρ
378 679 471 771 νόσῳ
498 681 679 750 άπέθανεν.
717 678 869 749 ἀπέθανε
895 679 933 749 δὲ
959 681 1016 748 καὶ
1038 677 1150 750 Ἀν·6

132 784 269 862 ιτίοχος
287 775 305 845 ό
325 776 439 866 άρχωυ
451 781 521 847 τῶν
531 780 690 864 τοξοτῶν,
707 780 765 847 καί
776 777 854 848 άντί
865 777 989 848 τούτου
1002 776 1117 867 ἄρχειν

160 879 317 966 ἐπέστησε
327 896 399 958 τοίς
407 880 556 962 τοξόταις
566 879 756 967 Ὀμβρίωνα
766 883 892 967 Κρῆτα.
918 881 974 949 ἐπὶ
987 878 1025 949 δὲ
1035 879 1117 958 τούς

159 978 353 1066 ξυμμάχους
370 981 452 1060 τούς
470 980 607 1068 πεζούς,
625 972 674 1048 ὧν
692 980 867 1068 Βάλακρος
883 979 1017 1068 ἡγεῖτο,
1044 981 1116 1049 ἐπεὶ

158 1080 556 1174 ΒάλακροςένΑἰγύπτφ
565 1080 777 1168 ύπελείπετο,
786 1082 947 1150 Κάλανον
955 1082 1116 1168 κατέστη-

159 1201 217 1250 σεν
235 1181 392 1270 ἡγεμόνα.
419 1199 615 1271 κατανεῖμαι
634 1182 672 1252 δὲ
691 1185 821 1269 ἐλέγετο
841 1187 875 1262 ές
892 1181 1041 1263 πολλούς
1053 1182 1150 1268 τὴυτ

119 1303 146 1344 ιο
159 1281 266 1371 ἀρχὴν
274 1287 332 1371 τῆς
342 1285 538 1373 Αἰγύπτου,
550 1283 611 1371 τήν
624 1309 659 1353 τε
669 1283 774 1371 φύσιν
782 1286 841 1370 τῆς
854 1283 966 1372 χόρος
977 1283 1116 1371 θαυμά-

159 1403 220 1464 σας
233 1385 291 1454 καὶ
304 1385 366 1472 τὴν
384 1385 583 1475 ὀχυρότητα,
600 1384 651 1454 ὅτι
664 1385 728 1455 ούκ
745 1383 894 1472 ἀσφαλές
907 1389 944 1454 οί
960 1388 1116 1473 ἐφαίνετο

161 1485 212 1554 ένί
230 1488 403 1575 ἐπιτρέψαι
415 1487 529 1576 ἄρχειν
542 1487 723 1572 Αἰγύπτου
742 1487 858 1574 πάσης.
890 1487 948 1554 καὶ
961 1483 1119 1573 Ῥωμαῖοί

158 1613 215 1674 μοι
238 1591 377 1656 δοκούσι
393 1588 468 1677 παρ’
492 1587 714 1677 Ἀλεξάνδρου
737 1588 904 1676 μαθόντες
924 1591 961 1656 έν
978 1590 1114 1674 φυλακῇ

160 1693 246 1774 ἔχειν
255 1699 435 1774 Αἰγυπτον
447 1691 504 1758 καί
517 1691 646 1778 μηθένα
658 1693 727 1757 τῶν
740 1688 807 1758 άπὸ
821 1691 947 1778 βουλῆς
962 1689 1017 1758 έπλ
1030 1690 1117 1778 τῷδε

120 1808 146 1849 15
161 1789 339 1876 ἐκπέμπειν
360 1787 515 1880 ὕπαρχον
538 1791 738 1879 Αἰγύπτου,
761 1789 847 1860 ἀλλὰ
869 1793 939 1858 τῶν
963 1797 1012 1870 εἰς
1034 1788 1117 1868 τούς

161 1893 282 1970 ἱππέας
300 1898 396 1978 σφίσι
412 1893 674 1974 ξυντελούντων.

65 1983 68 1988 ’
231 1990 450 2084 Ἀλέξανδρος
464 1991 642 2084 όέάματῷ
656 1984 952 2082 ἦριύποφαίνοντι
966 1993 1146 2079 έκΜέμ-6

159 2119 236 2180 φιος
259 2091 312 2182 ᾔει
330 2095 386 2164 ἐπὶ
411 2104 587 2184 Φοινίκης·
614 2097 671 2162 καί
699 2093 902 2182 ἐγεφυρώθη
927 2090 1020 2184 αύτῷ
1046 2089 1117 2162 ὅτε

159 2194 245 2262 κατά
270 2196 412 2284 Μέμφιν
435 2195 538 2284 πόρος
561 2199 623 2265 τού
650 2203 779 2266 Νείλου
803 2197 861 2263 καί
885 2199 925 2263 αί
953 2193 1117 2283 διώρυχες

121 2316 147 2357 2⁰
159 2293 267 2364 αὑτοῦ
283 2299 394 2365 πᾶσαι.
420 2296 467 2377 οἱς
476 2297 514 2366 δέ
527 2296 666 2384 άφίκετο
682 2300 716 2376 ές
729 2295 855 2384 Τύρον,
868 2295 1116 2382 καταλαμβάνει

161 2399 311 2466 ἐνταῦθα
329 2389 413 2484 ἧκον
430 2397 522 2488 αύτῷ
540 2397 603 2486 ἤδη
620 2399 678 2466 καὶ
694 2397 733 2465 τό
751 2396 922 2466 ναυτικόν.
959 2399 996 2466 ἐν
1016 2395 1116 2485 Τύρῳ

159 2496 197 2566 δέ
211 2489 312 2578 αὖθις
325 2499 404 2568 θύει
415 2504 462 2590 τῷ
478 2498 636 2588 Ἡρακλεῖ
646 2501 705 2567 καί
717 2496 836 2585 άγῶνα
849 2511 939 2566 ποιεί
949 2496 1115 2584 γυμνικόν

158 2625 194 2666 τε
211 2601 269 2667 καί
286 2599 458 2686 μουσικόν.
493 2603 643 2670 ένταύθα
660 2597 848 2687 ἀφικνεῖται
865 2596 940 2687 παρ’
961 2595 1066 2666 αὐτόν
1082 2598 1115 2678 ἐξ
1132 2609 1150 2660 2

154 2697 310 2788 Ἀθηνῶν
327 2701 348 2788 ἡ
363 2702 522 2790 Πάραλος
536 2702 690 2790 πρέσβεις
704 2698 834 2786 άγουσα
848 2699 1045 2786 Διόφαντον
1058 2701 1116 2768 καὶ

120 2798 320 2887 κἈχιλλέα·
347 2803 617 2892 ξυνεπρέσβευον
640 2800 678 2872 δὲ
702 2800 821 2881 αὐτοῖς
837 2803 895 2870 καὶ
912 2806 949 2869 οἰ
963 2799 1117 2886 Πάραλοι

158 2903 357 2990 ξύμπαντες.
384 2905 443 2972 καὶ
458 2894 552 2972 οὗτοι
564 2907 633 2972 τῶν
645 2929 681 2972 τε
694 2901 807 2971 ἄλλον
822 2908 942 2988 ἔτυχον
956 2892 1004 2970 ὧν
1018 2903 1117 2970 ἕνεκα

160 3005 345 3093 ἐστάλησαν
363 3007 421 3074 καί
433 3004 514 3084 τούς
528 3003 763 3091 αἰχμαλώτους
780 3002 910 3091 άφῆκεν
923 3001 1116 3089 Ἀθηναίοις

158 3101 230 3173 ὅσοι
249 3108 304 3174 έπί
318 3110 473 3198 Γρανικῷ
488 3105 679 3194 Ἀθηναίων
699 3104 860 3174 ἑάλωσαν.
891 3103 932 3172 τά
949 3102 975 3172 δ’
994 3107 1031 3172 έν
1045 3113 1116 3176 Πε-
1132 3114 1149 3164 8

159 3207 356 3298 λοποννήσφ
370 3205 420 3276 ὅτι
433 3205 526 3298 αύτῷ
544 3213 801 3294 νενεωτερίσθαι
818 3204 1019 3294 ἀπήγγελτο,
1034 3203 1115 3292 Ἀμ-

120 3325 145 3366 ⁸⁰
158 3306 302 3394 φοτερόν
320 3309 440 3394 πέμπει
463 3315 603 3396 βοηθεῖν
622 3315 907 3396 Πελοποννησίων
932 3303 1004 3374 ὅσοι
1030 3312 1063 3386 ἒς
1080 3330 1115 3374 τε

157 3407 218 3475 τόν
232 3408 400 3495 Περσικὸν
417 3408 565 3496 πόλεμον
582 3410 710 3496 βέβαιοι
726 3399 812 3497 ἦσαν
829 3410 886 3478 καί
904 3411 1113 3492 Λακεδαιμο-

155 3515 241 3578 νίων
255 3507 296 3577 ού
312 3508 507 3596 κατήκουον.
542 3512 671 3591 Φοίνιξι
684 3508 723 3578 δέ
739 3511 798 3578 καὶ
812 3517 977 3598 Κυπρίοις
991 3525 1114 3598 προσε-
