2650 3948
476 226 661 279 ANABAzm
679 232 703 289 ι,
723 230 764 282 ιο.
1057 227 1101 294 35

139 371 219 456 νήες
240 361 481 454 δστερήσασαι,
509 365 622 455 ἐπειδὴ
645 373 773 456 ἔμαθον
795 373 832 439 οί
849 367 1014 458 ναύαρχοι
1031 373 1100 440 τῷν

140 465 227 557 άμφλ
241 466 414 556 Νικάνορα
429 467 491 556 τήν
506 470 542 537 ἐν
554 475 596 559 τῇ
611 469 708 560 Λάδη
722 471 997 559 προκαταγωγήν,
1015 471 1099 561 πρὸς

139 573 182 658 τῇ
199 567 348 658 Μυκάλῃ
372 573 420 662 τῷ
445 567 516 657 ὄρει
539 568 767 660 ῷρμίσθησαν.
802 571 865 660 τήν
888 571 954 661 γάρ
980 573 1099 660 Λάδην

139 667 202 756 τήν
218 675 324 758 νῆσον
341 670 596 760 προκατειλήφει
618 667 847 762 Ἀλέξανδρος,
865 671 906 743 οὕ
924 680 994 744 τῷν
1010 679 1099 744 νεῷυ

100 799 114 842 ε
139 769 246 860 μόνον
262 776 305 862 τῇ
324 773 579 862 ἐγκαθορμίσει,
606 770 690 842 ἄλλά
714 775 771 842 καί
793 772 873 855 τούς
892 780 1025 865 Θρᾷκας
1043 776 1099 844 καλ

139 877 208 942 τῷν
232 871 344 942 ἄλλων
367 875 473 955 ξένων
497 876 531 955 ἐς
550 882 830 964 τετρακισχιλίους
848 877 1041 964 διαβιβάσας
1066 880 1099 957 ἐς

140 971 257 1061 αὐτήν.
292 965 380 1061 ήσαν
404 975 443 1044 δὲ
467 980 536 1046 τῷν
561 973 741 1065 βαρβάρων
767 979 806 1046 αλ
825 979 903 1064 νήες
928 975 1015 1067 άμφλ
1039 977 1099 1058 τάς

139 1081 361 1164 τετρακοσίας.

216 1184 419 1266 Παρμενίων
442 1178 505 1266 μὲν
522 1177 564 1266 δή
588 1179 644 1248 καί
669 1175 713 1259 δίς
731 1175 873 1269 παρήνει
888 1177 1131 1274 Ἀλεξάνδραν

103 1305 128 1348 ιο
141 1293 344 1367 ναυμαχεῖν,
369 1279 411 1348 τά
433 1307 469 1349 τε
492 1278 577 1350 ἄλλα
594 1280 770 1370 κρατήσειν
786 1287 834 1374 τῷ
851 1286 999 1374 ναυτικῷ
1016 1281 1099 1364 τούς

131 1377 295 1468 Ἕλληνας
320 1381 504 1464 ἐπελπίζων
520 1388 581 1450 καί
599 1410 631 1450 τι
646 1382 704 1450 καὶ
720 1391 819 1452 θεῖον
836 1378 1014 1452 ἀνέπειθεν
1032 1381 1098 1453 αδ-

140 1479 218 1566 τόν,
243 1479 293 1550 ὅτι
316 1477 411 1562 άετδς
438 1481 537 1569 ῷφθη
560 1482 749 1570 καθήμενος
777 1483 832 1552 ἐπὶ
857 1487 919 1552 τοῦ
943 1489 1098 1570 αἰγιαλοῦ

140 1579 224 1650 κατά
246 1580 403 1672 πρύμναν
426 1585 495 1652 τῶν
516 1581 734 1672 Ἀλεξάνδρου
757 1589 855 1654 νεῷν.
886 1583 943 1653 καί
966 1584 1032 1672 γάρ
1056 1585 1098 1672 δή

140 1680 341 1770 νικήσαντας
363 1684 427 1773 μὲν
449 1683 577 1773 μεγάλα
600 1682 881 1773 ὠφεληθήσεσθαι
905 1688 938 1766 ἐς
960 1684 1002 1755 τά
1020 1685 1096 1755 ὅλα·

103 1813 128 1853 ιτ
140 1794 309 1873 νικηθεῖσι
326 1784 364 1854 δὲ
382 1783 423 1854 οδ
442 1783 532 1873 παρά
549 1785 634 1873 μίγα
652 1794 788 1856 ἔσεσθαι
803 1785 841 1858 τδ
859 1801 1022 1876 πταῖσμα·
1041 1788 1099 1856 καλ

143 1883 188 1967 ὃς
205 1883 271 1974 γάρ
288 1895 571 1976 θαλαττοκρατεῖν
591 1885 671 1968 τοδς
689 1889 831 1977 Πέρσας.
866 1889 923 1958 καλ
940 1885 1041 1970 αάτδς
1060 1888 1099 1958 δὲ

142 1994 206 2076 ἔφη
230 1990 381 2076 ἐπιβῆναι
407 1991 536 2058 ίθίλειν
564 1993 633 2058 τῷν
656 1994 744 2058 νεῷυ
770 1989 912 2058 καὶτοῦ
936 1989 1097 2060 κινδύνου

141 2090 298 2178 μετέχειν.
330 2086 546 2178 Ἀλέξανδρος
570 2089 608 2158 δὲ
630 2096 672 2179 τῇ
695 2117 731 2159 τε
754 2089 872 2180 γνῷμη
896 2088 1131 2180 άμαρτάνεινῖ

142 2194 207 2279 ἔφη
216 2197 443 2278 Παρμενίωνα
456 2193 512 2261 καὶ
523 2196 584 2260 τοῦ
598 2197 737 2279 σημείου
750 2197 792 2281 τῇ
805 2187 846 2260 οὐ
860 2191 943 2260 κατά
957 2191 995 2262 τδ
1011 2191 1098 2272 είκδς

103 2319 129 2360 ιο
143 2290 338 2379 ξυμβλήσει·
353 2289 482 2379 ὀλίγαις
491 2319 527 2362 τε
539 2290 605 2383 γάρ
618 2293 722 2362 ναυσὶ
735 2291 819 2381 πρδς
833 2297 946 2384 πολλῷ
960 2300 1097 2374 πλείους

141 2390 205 2476 ξδν
217 2390 332 2462 οὐδενί
345 2399 490 2486 λογισμῷ
503 2393 730 2482 ναυμαχήσειν
744 2395 799 2462 καὶ
812 2389 853 2462 οὐ
867 2393 1097 2482 μεμελετηκότι

141 2500 190 2588 τῷ
208 2500 306 2580 σφῷν
322 2500 468 2587 ναυτικῷ
486 2493 568 2584 πρδς
586 2491 776 2583 ήσκημίνου
792 2492 829 2562 τδ
846 2499 915 2562 τῷν
932 2501 1097 2581 Κυπρίων

141 2595 249 2664 τεκαὶ
268 2601 448 2666 Φοινίκων·
474 2594 536 2682 τήν
553 2622 588 2666 τε
607 2601 779 2684 ἐμπειρίαν
800 2599 869 2664 τῷν
886 2595 1097 2667 Μακεδόνων
1113 2609 1131 2660 8

141 2696 198 2766 καί
209 2692 271 2784 τήν
283 2695 410 2786 τόλμαν
423 2699 460 2766 ἐν
473 2695 618 2790 άβεβαίῷ
635 2704 746 2789 χωρίςο
761 2689 824 2766 ου’κ
839 2697 968 2766 ἐθέλειν
986 2721 1096 2786 παρα-

102 2825 129 2867 ω
142 2799 262 2868 δουναι
277 2811 347 2878 τοῖς
363 2797 558 2888 βαρβάροις·
592 2799 649 2868 καὶ
670 2796 840 2886 ήττηθεῖσι
861 2803 903 2888 τῇ
927 2805 1088 2892 ναυμαχί,

141 2895 183 2968 οὐ
200 2897 321 2988 μικράν
337 2897 400 2986 τήν
416 2897 545 2988 βλάβην
569 2905 706 2970 ἔσεσθαι
729 2903 762 2980 ἐς
783 2902 845 2968 τοῦ
872 2899 1018 2989 πολέμου
1035 2899 1097 2988 τήν

141 2998 278 3089 πρῷτην
295 2998 409 3087 δόξαν,
426 3000 468 3070 τά
484 3028 520 3070 τε
538 2997 622 3070 άλλα
634 3001 691 3070 καὶ
706 2994 957 3088 τούςἝλληνας
973 3029 1096 3072 νεωτε-

141 3115 226 3192 ριεῖν
239 3099 324 3188 πρδς
341 3107 402 3172 τοῦ
419 3107 582 3172 ναυτικοῦ
599 3108 801 3190 πταίσματος
819 3099 881 3187 τήν
900 3104 1095 3189 ἐξαγγελίαν

141 3203 359 3292 ἐπαρθέντας.
394 3207 500 3272 ταῦτα
522 3202 585 3291 μὲν
607 3209 654 3296 τῷ
680 3207 826 3295 λογισμῷ
845 3203 1012 3285 ξυντιθεὶς
1030 3201 1128 3274 οάκν

101 3333 127 3376 ιο
141 3307 178 3374 ἐν
201 3307 305 3396 καιρῷ
328 3302 494 3394 άπίφαινε
518 3318 718 3394 ναυμαχεῖν·
747 3301 785 3373 τδ
811 3314 909 3372 θεῖον
933 3304 971 3376 δλ
994 3302 1095 3386 αάτδς

140 3404 226 3496 άλλη
251 3407 457 3491 ἐξηγεῖσθαι·
490 3403 575 3476 εἶναι
606 3404 669 3494 μὲν
695 3403 761 3494 γάρ
792 3403 876 3494 πρδς
905 3403 1013 3476 αὑτοῦ
1034 3404 1094 3475 τδν

140 3504 256 3594 άετόν,
281 3502 351 3575 ἀλλ’
370 3505 420 3576 ὅτι
438 3507 493 3576 ε’πὶ
510 3512 571 3595 γής
591 3504 778 3596 καθήμενος
796 3507 963 3595 ἐφαίνετο,
981 3511 1094 3576 δοκεῖν

908 3623 943 3672 3.
