2590 3948
243 227 307 292 320
593 225 844 286 ιιεειαεεον

244 385 306 472 τὴν
323 392 445 454 κασίαν
462 391 640 472 γίγνεσθαι
665 384 795 474 αὐτοῖς,
821 385 888 455 άπό
906 388 945 456 δὲ
961 393 1032 456 τῶν
1051 387 1215 475 δένδρων

242 487 305 574 τήν
337 487 493 576 σμύρναν
525 514 562 556 τε
594 488 650 554 καὶ
682 486 745 555 τόν
779 490 978 576 λιβανωτόν,
1007 492 1044 558 ἐκ
1073 489 1114 558 δὲ
1141 496 1214 559 των

243 595 442 675 θαμνίσκυν
472 589 512 656 τδ
544 587 737 676 κινάμωμον
768 592 958 678 τέμνεσθαι,
984 595 1021 660 οί
1044 595 1213 678 λειμῶνες

244 688 283 757 δὲ
301 688 353 757 ὅτι
369 689 497 777 νάρδον
514 684 695 777 αὐτόματοι
719 691 914 777 ἐκφέρουσι·
952 691 1044 760 τότε
1060 694 1213 779 μέγεθος
1273 769 1274 774 1

242 793 302 875 τῆς
327 790 448 877 χώρας,
474 788 526 858 ὅτι
552 789 615 858 οὐκ
643 790 790 860 ἐλάττων
806 791 828 877 ἡ
847 794 1008 880 παράλιος
1025 798 1086 879 τῆς
1103 788 1233 882 Ἆρα-ε
1273 797 1274 848 i

243 899 320 973 βίας
351 890 436 977 ἥπερ
460 889 483 978 ἡ
509 895 568 978 τῆς
590 889 730 978 Ἰνδικῆς
765 891 858 984 αὐτῷ
894 895 1124 981 ἐξηγγέλλετο,
1151 897 1211 962 καὶ
1273 951 1274 976 ,

242 997 338 1078 νῆσοι
348 991 435 1080 αὐτῇ
446 1003 664 1079 προσκείσθω
672 999 806 1078 πολλαί,
820 995 878 1062 καὶ
888 997 1017 1082 λιμένες
1027 1002 1210 1084 πανταχού
1273 989 1274 1064 ό

242 1095 301 1179 τῆς
323 1092 434 1179 χώρας
461 1096 596 1181 ἐνεῖναι,
622 1089 688 1162 οἷοι
704 1110 890 1182 παρασχεῖν
914 1095 978 1183 μέν
1003 1094 1135 1184 ὅρμους
1163 1103 1210 1189 τῷ

242 1197 403 1285 ναυτικῷ,
429 1211 614 1283 παρασχεῖν
631 1195 669 1264 δέ
686 1195 742 1262 καὶ
759 1195 872 1276 πόλεις
890 1198 1133 1284 ἐνοικισθῆναι,
1152 1200 1209 1266 καὶ

242 1295 366 1375 ταύτας
391 1297 551 1382 γενέσθαι
576 1295 791 1382 εὐδαίμονας.
1220 1325 1239 1363 ιι

209 1413 225 1462 3
319 1395 392 1466 Δύο
424 1397 463 1466 δὲ
492 1401 590 1484 νῆσοι
620 1397 704 1465 κατὰ
728 1397 767 1466 τὸ
794 1399 900 1486 στόμα
925 1401 988 1468 τοῦ
1016 1398 1208 1487 Εὐφράτου

242 1498 395 1583 πελάγιαι
414 1499 651 1584 ἐξηγγέλλοντο
668 1495 774 1590 αὐτῷ,
791 1499 888 1588 ἡμὲν
901 1499 1015 1588 πρότη
1029 1499 1071 1568 οὐ
1087 1501 1208 1588 πρόσω

241 1605 310 1667 των
338 1602 486 1686 ἐκβολῶν
502 1606 568 1669 τού
587 1597 785 1686 Εὐφράτου,
811 1609 860 1680 εἰς
887 1599 1006 1670 ἑκατόν
1023 1603 1082 1670 καὶ
1101 1613 1209 1672 εῖκοσι

243 1705 401 1780 σταδίους
434 1700 606 1788 άπέχουσα
632 1700 699 1769 άπδ
731 1704 791 1769 τού
819 1705 975 1787 αἰγιαλοῦ
995 1728 1032 1771 τε
1056 1703 1118 1770 καὶ
1145 1710 1207 1772 τοῦ

243 1801 404 1888 στόματος
420 1808 483 1870 τοῦ
510 1807 675 1892 ποταμοῦ,
701 1804 878 1890 μικροτέρα
896 1800 981 1890 αὕτη
1007 1803 1064 1872 καὶ
1084 1798 1208 1874 δασεῖα
1219 1829 1238 1869 ιε

242 1901 309 1990 ὕλη
337 1911 497 1992 παντοίᾳ·
531 1903 618 1972 εἶναι
643 1902 682 1970 δὲ
708 1905 745 1972 ἐν
771 1900 858 1992 αὐτῇ
885 1904 942 1972 καὶ
970 1904 1064 1992 ἱερὸν
1087 1903 1207 1995 Ἀρτέ-

242 2007 350 2090 μιδος,
383 2003 439 2070 καὶ
464 2002 544 2083 τούς
570 2004 747 2092 οἰκήτορας
772 2003 897 2085 αὐτούς
923 2004 1011 2092 άμφὶ
1041 2006 1080 2074 τδ
1113 2009 1207 2096 ἱερὸν
1273 2039 1274 2120 η

209 2103 283 2170 4τά
309 2107 368 2191 τῆς
394 2109 520 2192 διαίτης
546 2117 728 2174 ποιεῖσθαι·
767 2108 934 2194 νέμεσθαί
953 2133 989 2176 τε
1008 2105 1118 2195 αὐτὴν
1137 2112 1208 2191 αἰξί

242 2231 278 2274 τε
294 2203 427 2293 άγρίαις
449 2208 507 2274 καὶ
534 2207 682 2294 ἐλάφοις,
707 2207 765 2274 καὶ
789 2207 914 2287 ταύτας
940 2205 1098 2276 ἀνεῖσθαι
1117 2209 1205 2298 άφέ·

242 2333 321 2386 τους
338 2311 379 2396 τῇ
390 2305 563 2395 Ἀρτέμιδι,
582 2307 663 2377 οὐδὲ
682 2305 769 2375 εἶναι
788 2310 885 2396 θέμις
901 2309 1014 2396 θήραν
1032 2321 1238 2380 ποιεῖσθαιιι

243 2407 301 2475 ἀπ’
334 2407 449 2476 αὐτῶν
474 2407 524 2478 ὅτι
549 2407 594 2496 μὴ
620 2412 732 2478 θῦσαί
754 2435 828 2476 τινα
853 2415 896 2497 τῇ
922 2412 993 2502 θεῷ
1021 2412 1205 2480 ἐθέλοντα·

245 2508 315 2594 [ἐπὶ
340 2514 427 2600 τῷδε
450 2515 563 2598 θηρᾶν
578 2505 708 2596 μόνον]
741 2510 796 2578 ἐπὶ
821 2513 908 2600 τῷδε
934 2510 999 2602 γάρ
1025 2510 1090 2580 οὐκ
1118 2512 1207 2581 εἶναι

211 2605 411 2698 σάθέμιτον.
438 2611 494 2678 καὶ
511 2609 638 2699 ταύτην
655 2612 718 2698 τὴν
730 2615 836 2698 νῆσον
849 2614 938 2698 λέγει
947 2611 1206 2700 Ἀριστόβουλος

148 2712 150 2716 ’
242 2708 292 2778 ότι
300 2709 433 2798 Ἴκαρον
459 2713 612 2780 ἐκέλευσε
637 2720 813 2781 καλεῖσθαι
826 2712 1043 2802 Ἀλέξανδρος
1070 2716 1128 2782 ἐπὶ
1146 2718 1207 2802 τῆς

243 2812 350 2897 νήσου
376 2813 435 2896 τῆς
457 2809 588 2902 Ἰκάρου
615 2816 673 2898 τῆς
700 2817 737 2882 ἐν
761 2816 809 2905 τῷ
841 2822 975 2907 Αίγαίφ
1002 2813 1133 2908 πόντῳ,
1170 2821 1241 2897 έςπ

243 2911 360 2997 ἥντινα
378 2909 512 2999 Ἴκαρον
536 2912 596 2980 τὸν
622 2911 795 2984 Δαιδάλου
820 2917 976 2996 τακέντος
1001 2917 1062 2984 τοῦ
1096 2923 1207 3005 κηροῦ

245 3008 312 3103 ὅτφ
330 3012 537 3100 προσήρτητο
554 3013 595 3082 τά
615 3015 717 3100 πτερά
735 3029 851 3084 πεσεῖν
868 3017 967 3102 λόγος
984 3018 1126 3105 κατέχει,
1152 3017 1207 3086 ὅτι

245 3112 286 3182 οὐ
304 3111 388 3182 κατά
405 3114 465 3194 τάς
480 3115 615 3196 ἐντολάς
633 3120 692 3185 τοῦ
703 3116 827 3205 πατρός
841 3117 925 3206 πρὸς
937 3121 980 3207 τῇ
993 3121 1037 3206 γῇ
1053 3119 1206 3208 ἐφέρετο,

244 3214 330 3283 ἀλλὰ
355 3215 518 3303 μετέωρος
543 3217 608 3305 γάρ
633 3211 703 3285 ὐπδ
726 3215 843 3299 ἀνοίας
860 3219 1039 3307 πετόμενος
1056 3220 1207 3306 παρέσχε

244 3321 292 3406 τῷ
317 3313 401 3408 ἡλίῳ
418 3317 548 3398 θάλψαι
570 3345 606 3386 τε
622 3318 679 3386 καὶ
696 3317 826 3387 άυεῖναι
842 3319 902 3388 τόν
920 3319 1032 3410 κηρόν,
1059 3321 1117 3388 καὶ
1135 3318 1205 3391 άπὸ
1220 3351 1242 3391 ιο

248 3418 368 3485 ἑαυτοῦ
394 3416 454 3486 τὸν
462 3415 596 3505 Ἴκαρον
621 3424 665 3508 τῇ
682 3446 717 3488 τε
739 3419 829 3511 νήσφ
847 3423 905 3489 καί
922 3428 969 3513 τῷ
988 3421 1123 3510 πελάγει
1140 3421 1208 3510 τὴν

248 3519 443 3606 ἐπωνυμίαν
461 3521 691 3606 ἐγκαταλιπεῖν
709 3519 770 3606 τὴν
787 3519 850 3608 μὲν
858 3519 994 3611 Ἴκαρον
1011 3531 1209 3614 καλεῖσθαι,
