2664 3946
470 182 653 234 εαεαεειε
670 183 696 244 4,
716 184 755 233 13.
1036 177 1097 241 169

132 364 192 425 μαι
206 337 261 404 ἐπὶ
281 340 324 425 τῆ
344 335 474 428 ἀκαίρῳ
487 363 523 406 τε
537 343 706 427 παρρησίᾳ
726 339 783 405 καὶ
803 333 983 428 ὑπερόγκῳ
996 335 1096 424 ἀβελ·

134 445 243 528 τηρίηι.
268 433 324 523 ἐφ’
340 435 407 528 ὅτῳ
420 445 638 526 τεκμαίρομαι
651 437 696 526 μῆ
709 439 862 525 χαλεπῶς
876 442 1097 524 πιστευθῆναι

133 542 213 618 τούς
230 538 447 618 κατειπόντας
465 539 717 619 Καλλισθένους
731 536 782 607 ὅτι
798 538 933 628 μετέσχε
950 540 1007 626 τῆς
1026 540 1098 606 ἐπι·

134 645 262 727 βουλῆς
287 643 348 725 τῆς
373 639 556 728 γενομένης
570 637 779 731 Ἀλεξάνδρῳ
807 642 936 710 ἐκτῶν
954 643 1098 725 παίδων,

96 763 108 803 ι
136 741 216 820 τούς
243 738 282 808 δέ
309 737 361 808 ὅτι
386 742 443 808 καὶ
471 743 593 829 ἐπῆρεν
610 740 713 821 αύτός
732 748 779 821 είς
797 741 834 809 τὸ
853 743 1097 829 ἐπιβουλεῦσαι.

136 841 258 928 ξυνέβη
285 840 323 909 δὲ
349 841 390 908 τά
417 843 475 928 τῆς
503 845 682 930 ἐπιβουλῆς
710 832 784 910 ώδε.

209 939 264 1012 Ἐκ
292 949 464 1012 Φιλίππου
490 935 535 1029 ῆν
561 940 624 1030 ῆδη
648 943 854 1031 καθεστηκός
871 948 941 1012 τών
960 945 996 1014 έν
1013 942 1098 1010 τέλει
1112 938 1148 1002 13

138 1041 351 1114 Μακεδόνων
377 1042 458 1122 τούς
485 1047 610 1123 παῖδας
636 1043 710 1113 ὅσοι
742 1047 776 1124 ές
805 1043 939 1132 ῆλικίαν
970 1046 1098 1131 έμειρα-

137 1147 275 1214 κιούντο
299 1146 542 1230 καταλέγεσθαι
569 1147 603 1224 ές
627 1151 813 1232 θεραπείαν
839 1147 899 1215 τοῦ
926 1145 1101 1231 βασιλέως,

99 1269 124 1309 ιο
140 1245 181 1313 τά
206 1271 242 1313 τε
268 1245 344 1334 περὶ
369 1243 430 1332 τῆν
456 1243 562 1332 ἀλλην
592 1251 724 1314 δίαιταν
755 1250 815 1315 τού
851 1245 1002 1334 σώματος
1026 1250 1101 1312 δια-

138 1356 314 1414 πονεῖσθαι
330 1352 463 1432 βασιλεῖ
478 1347 536 1415 καὶ
553 1346 763 1435 κοιμώμενον
776 1347 963 1434 φυλάσσειν
975 1342 1102 1424 τούτοις

141 1448 379 1536 ἐπετέτραπτο·
407 1447 464 1515 καὶ
490 1445 592 1516 ὁπότε
627 1449 798 1530 ἐξελαύνοι
822 1447 996 1536 βασιλεύς,
1022 1445 1103 1525 τούς

141 1553 268 1627 ἵππους
309 1545 400 1636 παρά
433 1553 503 1616 τών
542 1549 740 1636 ἱπποκόμων
775 1551 948 1636 δεχόμενοι
984 1550 1104 1617 ἐκεῖνοι

141 1654 314 1738 προσῆγον
340 1651 397 1718 καὶ
423 1648 611 1737 ἀνέβαλλον
638 1643 730 1718 ούτοι
755 1651 893 1738 βασιλέα
923 1647 985 1717 τόν
1013 1658 1104 1736 Περ-

102 1787 128 1825 15
143 1749 239 1818 σικόν
264 1748 390 1838 τρόπον
416 1751 474 1819 καὶ
500 1756 558 1836 τῆς
586 1752 641 1819 ἐπὶ
659 1751 751 1842 θήρη
768 1758 958 1840 φιλοτιμίας
975 1757 1107 1839 βασιλεῖ

142 1852 300 1919 κοινωνοὶ
321 1842 417 1937 ῆσαν.
469 1851 599 1920 τούτων
616 1851 673 1920 καὶ
688 1851 866 1940 Ἑρμόλαος
892 1843 951 1940 ῆν,
980 1849 1138 1920 mad-2

143 1957 235 2030 λιδος
258 1949 321 2040 μὲν
345 1967 443 2039 παῖς,
469 1959 654 2043 φιλοσοφία
673 1953 711 2022 δὲ
730 1953 838 2022 ἐδόκει
854 1953 1028 2043 προσέχειν
1045 1951 1106 2021 τὸν

143 2056 229 2122 νοῦν
247 2054 304 2122 καί
319 2053 555 2142 Καλλισθένην
577 2054 781 2142 θεραπεύειν
800 2057 856 2124 ἐπὶ
876 2059 973 2146 τῷδε.
1018 2051 1106 2141 ὑπὲρ

145 2153 268 2223 τούτου
295 2154 396 2241 λόγος
423 2156 552 2242 κατέχει
577 2152 627 2224 ὅτι
653 2157 690 2224 έν
712 2155 803 2245 θήρᾳ
829 2157 1106 2244 προσφερομένου

106 2252 349 2349 ριἈλεξάνδρῳ
383 2255 465 2336 συδς
499 2262 587 2344 ἔφθη
621 2257 736 2343 βαλών
768 2255 830 2325 τδν
860 2261 927 2326 σύν
954 2251 1106 2343 ὁἙρμό-

146 2362 243 2436 λαος·
270 2359 327 2425 καὶ
353 2354 454 2444 ὁμέν
481 2362 544 2436 σύς
571 2365 684 2426 πίπτει
708 2364 867 2446 βληθείς,
889 2355 1107 2444 Ἀλέξανδρος

146 2456 183 2526 δὲ
215 2459 276 2525 τού
308 2464 427 2547 καιροῦ
453 2453 640 2546 ύστερῆσας
668 2461 849 2546 ἐχαλέπηνε
874 2461 921 2550 τῷ
936 2455 1108 2548 Ἑρμολάῳ

146 2559 205 2626 καὶ
222 2558 351 2628 κελεύει
368 2554 474 2629 αύτδν
491 2559 576 2647 πρὸς
595 2557 701 2648 ὀργῆν
716 2559 844 2647 πληγάς
862 2566 979 2648 λαβεῖν
997 2557 1106 2645 ὁρών-

146 2685 215 2728 των
246 2664 314 2729 τών
349 2659 462 2730 ἄλλον
494 2665 645 2746 παίδων,
681 2660 737 2728 καὶ
771 2662 831 2728 τὸν
867 2665 971 2730 ἵππον
1002 2658 1108 2728 αύτοῦ

109 2797 134 2837 εε
149 2757 316 2848 ἀφείλετο.

230 2867 357 2932 Τοῦτον
374 2861 434 2933 τόν
448 2861 632 2950 Ἑρμόλαον
645 2859 839 2950 ἀλγήσαντα
852 2865 894 2952 τῇ
911 2860 1008 2953 ύβρει
1021 2860 1109 2952 φρά-
1127 2879 1143 2929 3
1252 2879 1253 2882 ’

149 2984 205 3032 σαι
235 2963 321 3054 πρὸς
349 2964 552 3050 Σώστρατον
578 2963 638 3032 τὸν
661 2963 846 3052 Ἀμύντου,
871 2963 1050 3050 ἡλικιώτην
1075 2989 1110 3032 τε

151 3065 272 3134 ἑαυτοῦ
298 3067 355 3134 καὶ
383 3062 525 3154 έραστῆν
558 3061 658 3154 ὄντα,
691 3063 740 3135 ὅτι
766 3065 807 3136 ού
833 3063 957 3152 βιωτόν
983 3070 1019 3134 οἵ
1044 3068 1111 3134 ἐστι

149 3165 194 3255 μῆ
213 3168 474 3259 τιμωρησαμένῳ
487 3165 709 3255 Ἀλέξανδρον
726 3170 784 3254 τῆς
801 3165 949 3254 ύβρεως,
975 3166 1033 3234 καὶ
1051 3165 1110 3233 τδν

110 3301 136 3343 ιο
152 3267 356 3358 Σώστρατον
381 3265 422 3338 ου’
458 3269 611 3354 χαλεπῶς
637 3283 818 3356 συμπεῖσαι
847 3283 1024 3356 μετασχεῖν
1049 3269 1110 3335 τού

152 3377 272 3460 ἔργον,
298 3367 357 3439 ἅτε
385 3372 521 3458 ἐρῶντα.
566 3367 635 3438 ύπὸ
661 3369 791 3438 τούτων
815 3369 853 3437 δὲ
870 3366 1145 3456 ἀναπεισθῆναιῖ

147 3468 370 3556 Ἀντίπατρόν
402 3497 438 3540 τε
474 3467 535 3538 τόν
564 3468 855 3558 Ἀσκληπιοδώρου
886 3472 947 3538 τοῦ
982 3475 1111 3553 Συρίας
