2678 3950
507 251 687 302 ιυιεεειε
704 255 734 314 ε,
751 254 777 308 ι
1053 250 1117 315 205

158 403 295 496 άνεμον,
327 409 384 478 καλ
417 405 468 478 δτι
500 409 657 497 δίστομός
690 412 779 478 ἐστιν
812 407 829 480 ὁ
860 409 966 490 Ἰνδδς
999 411 1054 478 καὶ
1081 413 1121 478 αλ

161 511 296 597 ἐκβολαὶ
323 509 430 581 αὐτοῦ
454 504 640 599 άμφότεραι
665 511 875 598 τεναγώδεις,
902 510 1055 598 καθάπερ
1081 515 1121 578 αί

161 612 260 679 πέντε
276 615 337 681 τοῦ
356 606 501 697 Ἴστρου,
528 613 585 681 καλ
611 609 661 680 ὄτι
679 613 791 682 Δέλτα
817 627 907 682 ποιεί
930 614 987 681 καλ
1014 609 1117 692 αὐτὸς

163 715 200 782 ἐν
226 714 267 802 τῇ
282 711 399 782 Ἰνδῶν
424 717 471 800 γῇ
488 715 534 805 τῷ
551 719 732 805 Λίγυπτίφ
750 715 862 784 Δέλτα
888 713 1119 801 παραπλήσιον

134 814 220 881 ιιιαλ
252 817 351 883 τοῦτο
378 814 517 883 Πάταλα
549 822 698 883 καλεῖται
726 811 844 884 Ἰνδῶν
877 817 987 904 φωνῇ,
1013 817 1120 894 ταῦτα

161 915 224 1002 μὲν
250 912 338 1002 ὑπὲρ
364 918 425 982 τοῦ
448 912 573 1001 Ἰνδοῦ,
604 915 645 984 τά
675 915 817 1002 μάλιστα
842 911 908 985 οὐκ
932 909 1118 1003 άμφίλογα,

162 1017 220 1085 καλ
246 1016 319 1104 ἐμοὶ
345 1012 606 1103 ἀναγεγράφθω.
651 1018 722 1085 ἐπεὶ
748 1017 805 1084 ιιαλ
831 1010 849 1085 ὁ
872 1014 1036 1103 ’Ἱδάσπης
1061 1016 1152 1086 καλε

159 1117 328 1206 Ἀκεσίνης
342 1118 399 1185 καὶ
414 1114 601 1203 ’Ῥδραάτης
614 1118 670 1184 καὶ
681 1115 833 1204 Ὕφασις,
846 1120 903 1186 καὶ
917 1107 1009 1186 οὗτοι
1019 1117 1119 1186 Ἰνδοὶ

163 1221 306 1304 ποταμοὶ
321 1215 425 1301 ὅντες,
439 1223 508 1286 τῶν
521 1217 583 1306 μὲν
592 1214 706 1286 άλλων
714 1223 783 1286 τῶν
789 1217 952 1288 Ἀσιανῶν
961 1223 1119 1305 ποταμῶν

125 1343 151 1384 ιο
164 1320 253 1388 πολά
279 1346 310 1387 τι
335 1316 418 1386 κατά
436 1320 579 1405 μέγεθος
596 1312 840 1409 ὑπερφέρουσι·
879 1323 940 1388 τοῦ
954 1315 1063 1388 Ἰνδοῦ
1082 1318 1121 1388 δὲ

163 1421 293 1509 μείονές
320 1426 382 1488 είσι
401 1421 458 1488 καὶ
475 1419 563 1488 πολδ
591 1416 633 1507 δὴ
651 1427 791 1510 μείονες,
819 1417 906 1490 ὅπου
932 1421 989 1489 καλ
1016 1417 1120 1500 αὐτὸς

164 1519 300 1600 ὁἸνδδς
314 1525 374 1589 τοῦ
395 1519 537 1606 Γάγγου.
570 1529 720 1609 Κτησίας
734 1525 811 1610 μέν,
830 1529 862 1591 εἰ
874 1519 916 1610 δή
936 1547 983 1613 τῳ
1004 1520 1120 1600 ίκανδς

164 1625 220 1692 καλ
248 1629 397 1709 Κτησίας
426 1625 459 1702 ἐς
486 1631 716 1712 τεκμηρίωσιν,
743 1628 800 1691 ίνα
826 1622 889 1710 μὲν
916 1620 1120 1702 στενώτατος

164 1723 265 1803 αὐτὸς
292 1722 398 1791 αὐτοῦ
426 1716 565 1802 δἸνδός
583 1726 662 1807 ε’στι,
688 1724 937 1812 τεσσαράκοντα
963 1727 1121 1803 σταδίους

35 1833 37 1837 ’
126 1822 214 1894 ιῡότι
240 1825 407 1912 διέχουσιν
433 1821 525 1915 αὐτῷ
554 1827 592 1892 αί
615 1821 729 1910 ὄχθαι·
774 1829 832 1894 ἵνα
858 1823 895 1895 δέ
913 1825 1121 1904 πλατύτατος

164 1927 220 1996 καὶ
253 1925 387 1994 ἑκατόν·
440 1924 478 1993 τό
512 1923 599 1993 πολύ
634 1923 672 1994 δέ
698 1922 784 1994 εἶναι
816 1924 921 1994 αὐτοῦ
955 1925 993 1994 τὸ
1019 1925 1121 2013 μέσον

163 2027 307 2096 τούτοιν.

245 2130 373 2198 Τοῦτον
405 2126 465 2194 τὸν
497 2125 648 2214 ποταμὸν
678 2127 737 2196 τὸν
759 2124 869 2197 Ἰνδδν
894 2126 963 2196 δπδ
990 2128 1051 2214 τὴν
1078 2131 1155 2200 ἕωσ

166 2229 310 2316 διέβαινε
335 2229 399 2309 ξύν
422 2233 465 2316 τῇ
484 2231 620 2318 στρατιᾷ
634 2227 851 2313 Ἀλέξανδρος
871 2231 904 2308 ἐς
921 2231 991 2296 τῶν
1004 2226 1122 2298 Ἰνδῶν

127 2329 226 2416 ιοτην
251 2332 330 2416 γῆν·
377 2322 465 2415 ὑπὲρ
493 2319 541 2397 ῶν
567 2327 632 2416 ἐγώ
660 2328 740 2398 οὔτε
765 2324 816 2408 οἷς
832 2349 897 2398 τισι
912 2329 1029 2416 νόμοις
1048 2333 1122 2398 δια-

164 2435 310 2520 χρῶνται
335 2432 372 2500 ἐν
398 2431 478 2518 τῇδε
494 2434 535 2518 τῇ
554 2431 733 2519 ξυγγραφῇ
751 2429 938 2519 ἀνέγραψα,
963 2427 1041 2498 οὔτε
1057 2432 1122 2521 ζῶα

166 2539 197 2602 εί
210 2531 252 2617 δή
265 2557 338 2598 τινα
352 2529 457 2598 άτοπα
470 2529 491 2617 ἡ
506 2531 596 2617 χάρα
610 2529 727 2610 αὐτοῖς
742 2531 885 2620 ἐκφέρει,
904 2527 983 2600 οὔτε
999 2532 1122 2617 ίχθάας

164 2627 185 2719 ἢ
211 2631 292 2718 κήτη
311 2627 373 2698 ὅσα
390 2627 411 2718 ἢ
429 2627 484 2700 οἷα
503 2629 520 2698 δ
536 2628 641 2711 Ἰνδδς
658 2627 680 2719 ἢ
697 2630 715 2700 δ
730 2630 894 2719 Ὑδάσπης
911 2627 932 2719 ἢ
951 2631 968 2700 ὁ
988 2632 1122 2720 Γάγγης

165 2729 186 2820 ἢ
218 2737 254 2801 οί
282 2730 377 2799 ἄλλοι
399 2725 516 2801 Ἰνδῶν
543 2733 686 2820 ποταμοὶ
712 2733 892 2823 φέρουσιν,
926 2731 1008 2802 οὐδὲ
1040 2732 1121 2812 τοδς

128 2833 344 2922 εσμάρμηκας
369 2831 449 2912 τοδς
474 2833 535 2901 τὸν
561 2833 689 2920 χρυσόν
722 2855 837 2920 σφισιν
870 2835 1122 2922 ἐργαζομένους,

166 2933 247 3004 οὐδὲ
271 2933 351 3013 τούς
377 2934 510 3022 γράπας
534 2935 614 3014 τούς
641 2935 814 3022 φύλακας,
840 2933 921 3004 οὐδὲ
947 2932 1010 3004 ὅσα
1036 2933 1123 3003 άλλα

168 3035 224 3123 ἐφ’
243 3035 350 3123 ἡδονῇ
369 3035 499 3123 μᾶλλόν
515 3062 546 3102 τι
563 3044 739 3124 πεποίηται
763 3031 785 3122 ἢ
811 3040 845 3116 ἐς
863 3033 1033 3124 άφήγησιν
1054 3037 1123 3104 τῶν

166 3134 288 3226 ὄντων,
316 3135 361 3216 ῶς
386 3135 466 3223 τάγε
491 3135 564 3204 κατ’
590 3135 719 3218 Ἰνδοδς
745 3134 807 3205 ὅσα
832 3132 875 3205 διν
902 3135 1009 3205 άτοπα
1036 3136 1122 3216 ψεά·

167 3261 299 3326 σωνται,
319 3236 381 3306 οὐκ
401 3237 703 3326 ἐξελεγχθησόμενα
721 3237 804 3326 πρὸς
822 3236 992 3324 οὐδαμῶν.
1034 3236 1155 3306 άλλάι

128 3339 377 3424 ονἈλέξαυδρος
403 3339 551 3428 γάρκαὶ
577 3344 613 3407 οί
636 3337 699 3421 ξδν
723 3337 833 3429 τούτῳ
860 3337 1121 3424 στρατεύσαντες

166 3441 205 3507 τά
233 3439 338 3508 πολλὰ
366 3440 557 3530 ἐξήλεγξαν,
585 3437 647 3508 ὅσα
673 3466 711 3526 γε
737 3437 781 3527 μὴ
808 3440 865 3508 καὶ
892 3437 1005 3509 αὐτῶν
1033 3445 1119 3508 ἔστιν

167 3547 203 3609 ολ
219 3540 418 3622 ἐψεύσαντο·
446 3539 617 3630 άχράσους
631 3568 665 3610 τε
682 3538 769 3610 εἶναι
783 3538 912 3622 Ἰνδοδς
932 3540 1119 3628 ἐξήλεγξαν,
