2664 3946
229 248 290 313 162
585 243 834 303 Αεεωεαιεου

229 427 292 475 σου
311 405 419 474 τεκαὶ
436 406 503 473 τῦυ
522 399 610 491 ἀμφὶ
623 405 757 490 Βῆσσον
770 403 974 491 ξυλληφθεὶς
991 399 1090 491 ἤγετο
1103 402 1191 474 οῦδέ

227 535 260 577 τι
277 505 360 575 ἀλλο
373 503 422 574 ὅτι
435 505 480 593 μῆ
497 503 604 592 ὄνομα
621 495 665 590 ῆν
682 505 853 592 βασιλέως.
881 500 1008 574 οῦκουν
1026 510 1073 574 ἔτι
1091 510 1186 584 οἴους

227 635 263 678 τε
290 606 376 676 εἶναι
401 608 548 692 κατέχειν
574 603 679 675 αὐτὸν
704 605 785 685 τοῦς
812 606 978 693 ἑταίρους,
1004 602 1079 674 ἀλλ’
1103 603 1186 675 ἀνα-

229 708 426 796 πηδήσαντα
443 708 509 795 γάρ
527 711 563 775 ολ
576 705 638 794 μὲν
656 705 781 795 λόγχην
798 704 947 796 ἁρπάσαι
964 707 1099 793 λέγουσι
1116 713 1186 775 τῦυ

231 807 533 896 σωματοφυλάκων
556 807 664 894 τινός,
698 813 734 876 οί
761 806 799 876 δὲ
830 807 972 895 σάρισαν
1004 806 1093 896 παρά
1116 811 1212 883 τῶνε
1311 861 1312 864 ¹

230 909 395 997 φυλάκων
431 909 519 988 τινὸς
549 909 618 976 καλ
656 907 787 991 ταύτῃ
818 917 1025 978 παίσαντα
1064 917 1185 978 Κλεί-

194 1023 301 1080 9τον
334 1009 589 1079 ἀποκτεῖναι.
636 1008 888 1097 Ἀριστόβουλος
913 1010 951 1078 δὲ
975 1007 1058 1080 ὅθεν
1079 1007 1185 1098 μὲνῆ

230 1118 385 1202 παροινία
400 1108 538 1198 ἀρμῆθη
557 1108 598 1179 ου’
617 1111 720 1197 λέγει·
739 1117 883 1179 Κλείτου
901 1110 939 1180 δὲ
953 1112 1110 1197 γενέσθαι
1121 1111 1184 1198 μό-

228 1241 291 1284 νου
317 1213 380 1300 τῆν
405 1211 585 1300 ἀμαρτίαυ,
612 1209 653 1279 ὅν
676 1237 715 1297 γε
738 1208 945 1297 ὠργισμένου
965 1209 1185 1301 Ἀλεξάνδρου

228 1316 286 1384 καλ
316 1312 592 1402 ἀναπηδήσαντος
623 1310 676 1380 ἐπ’
705 1309 813 1380 αὐτὸν
846 1310 890 1391 ὥς
924 1314 1186 1401 διαχρησομένου
1200 1350 1229 1390 10

229 1415 421 1502 ἀπαχθῆναι
438 1413 500 1502 μὲν
518 1412 573 1482 διά
591 1417 714 1499 θυρεῦν
733 1413 794 1493 ἔξω
807 1409 894 1500 ὑπὲρ
908 1413 945 1482 τὸ
960 1413 1069 1501 τεῖχός
1080 1440 1116 1483 τε
1129 1415 1186 1482 καὶ
1314 1424 1315 1494 λ

228 1516 290 1605 τῆν
312 1517 444 1605 τάφρον
467 1517 526 1600 τῆς
551 1511 673 1601 ἀκρας,
701 1517 759 1582 ἵνα
786 1514 928 1601 ἐγένετο,
954 1514 1039 1602 πρὸς
1056 1522 1186 1584 Πτολε-

228 1624 331 1704 μαίου
351 1621 413 1685 τοῦ
428 1614 546 1701 Λάγου
566 1617 627 1683 τοῦ
649 1613 948 1702 σωματοφύλακος·
969 1614 1010 1684 οῦ
1023 1615 1187 1704 καρτερῆ-

230 1741 334 1786 σαντα
349 1716 386 1785 δὲ
400 1714 606 1803 ἀναστρέψαι
619 1707 720 1795 αὖθις
740 1717 796 1784 καὶ
811 1719 968 1804 περιπετῆ
979 1711 1186 1808 Ἀλεξάνδρφ
1315 1735 1316 1758 ³

228 1819 385 1901 γενέσθαι
401 1825 545 1886 Κλεῖτον
563 1815 799 1904 ἀνακαλοῦντι,
821 1819 878 1885 καλ
896 1816 1002 1905 φάναι
1019 1815 1069 1885 ὅτι
1086 1808 1186 1897 οῦτός
1199 1853 1227 1894 15

228 1945 279 1987 τοι
298 1918 363 2005 ἐγώ
378 1915 396 1986 ὁ
412 1924 562 2005 Κλεῖτος,
581 1909 608 1984 ἀ
618 1916 827 2005 Ἀλέξανδρε
845 1918 902 1986 καὶ
921 1922 957 1987 έν
975 1917 1083 2012 τοάτφ
1101 1927 1187 2006 πλη-
1316 1966 1317 2000 ι

229 2020 330 2106 γίντα
347 2023 387 2108 τῆ
407 2027 529 2107 σαρίση
548 2017 745 2087 ἀποθανεῖν.

194 2129 214 2194 9
305 2122 372 2190 Καὶ
400 2121 465 2206 ἐγω
490 2127 632 2188 Κλεῖτον
658 2118 720 2206 μὲν
745 2124 802 2206 τῆς
828 2117 957 2207 ὕβρεως
983 2126 1040 2208 τῆς
1068 2123 1101 2199 ές
1125 2115 1187 2188 τὸν

229 2222 366 2308 βασιλέα
388 2221 447 2289 τὸν
473 2218 580 2288 αῦτοῦ
604 2221 791 2306 μεγαλωστὶ
816 2223 1002 2310 μέμφομαι·
1031 2220 1187 2301 Ἀλέξαν-

230 2327 312 2409 δρον
336 2321 374 2392 δέ
395 2325 453 2410 τῆς
478 2327 655 2410 συμφοράς
680 2328 852 2411 οἰκτείρω,
876 2320 927 2392 ὅτι
951 2327 1051 2393 δυοῖν
1068 2336 1228 2398 κακοίνω

231 2426 268 2492 ἐν
293 2427 340 2514 τῷ
367 2422 441 2492 τότε
465 2420 651 2510 ἡττημένον
678 2422 844 2502 ἐπέδειξεν
869 2423 985 2510 αὐτόν,
1012 2422 1075 2510 ἀφ’
1099 2419 1187 2490 ὅτων

230 2523 270 2610 δῆ
288 2526 344 2592 καὶ
362 2529 422 2592 τοῦ
442 2525 555 2611 ἑτέρου
574 2520 638 2592 οῦκ
657 2525 803 2592 ἐπέοικεν
820 2523 929 2612 ἀνδρα
943 2524 1187 2613 σωφρονοῦντα

195 2647 211 2695 2
231 2628 439 2713 ἐξηττᾶσθαι,
465 2622 566 2712 ὀργῆς
588 2651 624 2693 τε
647 2625 704 2692 καὶ
729 2632 913 2712 παροινίας.
959 2623 1045 2694 ἀλλά
1068 2627 1108 2694 τὰ
1131 2626 1186 2693 ίπλ

229 2729 342 2794 τοῖσδε
360 2718 405 2794 ιιῦ
425 2727 548 2794 ἐπαινῶ
564 2724 806 2814 Ἀλεξάνδρου,
825 2723 875 2794 ὅτι
892 2735 1081 2816 παραυτίκα
1100 2734 1187 2815 ἔγνω

231 2825 381 2912 σχέτλιον
401 2832 499 2913 ἔργον
519 2826 752 2914 ἐργασάμενος.
793 2829 850 2896 καλ
868 2828 1024 2913 λέγουσιν
1048 2835 1136 2898 είσλν
1154 2835 1229 2902 οἳιε

229 2927 270 2994 τά
289 2924 513 3015 Ἀλεξάνδρου
544 2925 870 3014 ἀναγράψαντες
897 2925 946 2996 ὅτι
974 2931 1104 3018 ἐρείσας
1125 2927 1187 3015 τῆν

230 3026 371 3113 σάρισαν
384 3025 468 3116 πρὸς
479 3027 539 3094 τὸν
551 3041 664 3114 τοίχου
679 3029 867 3097 ἐπιπίπτειν
879 3029 1016 3116 ἐγνώκει
1031 3029 1131 3119 αὐτῆ,
1142 3029 1188 3109 ἀς

230 3125 271 3197 οῦ
300 3126 404 3196 καλὸν
429 3125 521 3219 αὐτῷ
546 3133 604 3214 ζῆν
630 3125 863 3198 ἀποκτείναντι
889 3138 991 3218 φίλου
1016 3131 1123 3200 αὐτοῦ
1151 3135 1189 3200 έν

157 3233 159 3238 ’
230 3239 322 3322 οίνφ.
352 3234 387 3298 οἱ
397 3230 516 3297 πολλοὶ
535 3227 573 3297 δὲ
590 3229 795 3318 ξυγγραφεῖς
812 3235 913 3300 τοῦτο
930 3231 992 3319 μὲν
1009 3231 1049 3301 οὐ
1064 3234 1188 3318 λέγου-

195 3345 212 3394 8
231 3348 298 3400 σιν·
316 3327 508 3399 ἀπελθόντα
525 3329 562 3398 δὲ
577 3332 610 3409 ές
627 3331 688 3418 τῆν
703 3329 807 3419 εῦνῆν
821 3344 954 3402 κεῖσθαι
967 3330 1187 3422 ὀδυρόμενον,
1202 3361 1230 3400 ιο

231 3429 336 3500 αὐτόν
349 3459 384 3500 τε
396 3429 457 3499 τὸν
471 3438 613 3500 Κλεῖτον
631 3429 792 3520 ὀνομαστὶ
810 3431 1047 3503 ἀνακαλοῦντα
1060 3435 1117 3502 καὶ
1127 3435 1189 3520 τῆν

229 3539 374 3602 Κλείτου
407 3531 468 3622 μλν
495 3528 664 3622 ἀδελφῆν,
696 3528 803 3602 αὐτὸν
831 3534 869 3604 δὲ
895 3532 1190 3624 ἀναθρεψαμένην,
