2590 3948
250 231 313 298 322
563 229 817 291 Αλοεεαεεον

246 393 395 481 μεγάλην
419 391 598 459 θάλασσαν
625 387 797 477 ἐστάλθαι,
830 385 905 456 ἀλλ’
941 389 997 456 ἐπλ
1029 393 1079 480 τῶ
1108 415 1227 458 κατα-

246 503 370 581 μαθεῖν
395 490 457 578 τῆν
482 491 595 582 χῶραν
619 487 684 576 τῆν
709 491 855 577 προσεχῆ
888 491 930 578 τῆ
957 491 1122 580 θαλάσσῃ
1162 490 1227 558 καὶ

245 593 326 672 τούς
349 594 584 672 κατοικοῦντας
602 587 711 678 αὐτὴν
728 589 945 676 ἀνθρώπους,
972 587 1103 678 ὅρμους
1123 619 1164 660 τε
1186 595 1227 661 ἐν

247 693 333 783 αὐτῆ
360 695 418 763 καί
443 692 553 762 ὕδατα
578 693 634 761 καί
658 693 698 760 τά
715 691 838 779 νόμαια
855 695 924 760 τῶν
945 688 1084 780 ἀνδρῶν
1104 695 1169 760 καὶ
1193 704 1230 762 εί

246 822 294 875 τις
312 791 426 881 ἀγαθὴ
442 792 594 882 καρπούς
614 794 765 879 ἐκφέρειν
784 789 804 879 ῆ
824 801 859 861 εί
871 818 921 872 τις
938 793 1040 879 κακή·
1068 789 1134 861 καὶ
1153 786 1247 862 οὐντ

246 897 302 964 καί
327 899 427 964 τοῦτο
451 904 558 963 αίτιον
582 894 742 980 γενέσθαι
766 891 985 980 άποσυθῆυαι
997 893 1223 987 Ἀλεξάνδρῳ

247 995 306 1066 τῶν
324 993 482 1084 στρατόν·
518 993 560 1064 οὐ
579 995 643 1081 γὰρ
661 990 705 1064 άν
723 997 874 1080 σωθῆναι
891 994 1106 1075 πλεύσαντας
1125 994 1222 1083 ὑπὲρ

246 1100 304 1184 τῆς
319 1095 474 1186 Ἀραβίας
500 1095 540 1164 τά
569 1101 684 1184 ἔρημα,
711 1093 766 1182 ἐφ’
794 1092 860 1186 ὅτῳ
886 1095 943 1163 καὶ
967 1089 1121 1184 ὁἹέρων
1142 1100 1221 1167 ἐπι·

248 1198 386 1286 στρέψαι
411 1195 521 1267 ὀπίσω
547 1198 685 1283 λέγεται.

188 1307 236 1370 21
320 1299 375 1371 Ἐν
402 1289 430 1390 ᾦ
456 1297 495 1366 ίέ
521 1295 613 1390 αὐτῷ
642 1299 898 1384 ἐναυπηγοῦντο
915 1295 977 1384 μὲν
994 1325 1015 1365 α
1019 1298 1218 1386 τριήρεις,
1230 1319 1271 1363 ιι]

247 1400 266 1468 6
294 1399 393 1489 λιμῆν
420 1399 456 1468 δε
489 1400 575 1485 πρὸς
607 1404 787 1487 Βαβυλῶνι
821 1394 1002 1484 ὐρύσσετο,
1030 1401 1157 1468 ἐκπλεῖ
1183 1403 1218 1468 ἐκ

247 1504 451 1591 Βαβυλῶνος
469 1499 552 1569 κατά
569 1499 629 1568 τὸν
646 1498 832 1586 Εὐφράτην
851 1497 895 1577 ῶς
914 1496 1024 1567 ἐπὶ
987 1524 1050 1567 τον
1070 1507 1215 1569 Παλλα-

247 1604 356 1672 κόπαν
381 1602 593 1689 καλούμενου
620 1600 778 1687 ποταμόν.
810 1597 937 1686 άπέχει
963 1589 1070 1668 δὲ
1027 1627 1135 1681 ουτος
1158 1605 1217 1690 τῆς

247 1709 453 1792 Βαβυλῶνος
483 1707 644 1782 σταδίους
681 1700 762 1770 ὅσον
791 1699 1022 1789 ὀκτακοσίους,
1057 1704 1120 1772 καί
1150 1709 1218 1773 ἐστι

247 1803 437 1894 ίιῶρυξ”
391 1831 476 1893 αντη
493 1805 511 1872 6
530 1802 758 1882 Παλλακόπας
779 1807 814 1872 ἐιι
831 1803 894 1869 τού
912 1793 1118 1892 Εὐφράτου,
1139 1805 1243 1893 οὐχῖο

215 1919 231 1967 2
250 1906 288 1974 δε
307 1909 343 1974 ἐκ
361 1909 477 1992 πηγῶν
495 1932 544 1985 τις
562 1903 712 1991 άνίσχων
726 1902 882 1991 ποταμός.
910 1901 1009 1992 ὁγὰρ
1025 1903 1271 2032 Εὐφράτης
1270 1971 1271 1980 ,

194 2079 198 2088 ⁴
249 2005 396 2094 ποταμὸς
414 2007 501 2092 βίων
520 2009 556 2074 ἐκ
574 2009 642 2074 τῶν
657 2004 841 2093 Ἀρμενίων
859 2000 951 2092 ὀρῶν
968 2008 1136 2092 χειμῶνος
1153 2006 1216 2094 μὲν
1270 2041 1271 2048 ¹

250 2105 322 2197 ῶρᾳ
348 2120 517 2194 προχωρεῖ
540 2106 624 2175 κατὰ
650 2106 708 2186 τὰς
733 2103 850 2192 ὄχθας,
877 2100 932 2174 οἱα
958 2105 999 2191 δῆ
1018 2104 1060 2173 οὐ
1080 2110 1215 2176 πολλού
1270 2157 1271 2178 τ

248 2207 344 2288 ὄντος
370 2206 464 2299 αὐτῶ
481 2233 541 2276 του
525 2204 697 2287 ὕδατος·
729 2198 809 2293 ῆρος
827 2203 902 2275 δὲ
881 2213 1141 2293 υποφαίνουτος
1159 2210 1271 2276 καί

249 2309 336 2379 πολύ
365 2307 406 2395 ὐῆ
434 2309 576 2396 μάλιστα
602 2307 673 2376 ὐπὸ
696 2304 822 2395 τροπάς
849 2305 985 2386 ἅστινας
1002 2312 1064 2376 τού
1086 2311 1243 2397 θέρουςυ
1270 2293 1271 2388 ί

249 2411 268 2480 6
302 2411 393 2498 ῆλιος
421 2410 608 2496 ἐπιστρέφει
633 2410 736 2496 μέγας
762 2435 798 2478 τε
825 2408 994 2530 ἐπέρχεται
1018 2409 1129 2478 uaz‘
1104 2436 1214 2501 υαερ-

216 2527 231 2574 3
248 2513 365 2601 βαλλει
389 2509 479 2600 ὐπὲρ
503 2511 565 2591 τάς
591 2509 697 2597 ὄχθας
725 2510 811 2589 ἐς
775 2537 837 2596 την
854 2513 918 2596 γῆν
935 2507 998 2596 τῆν
1013 2508 1213 2600 Ἀσσυρίαν.
1270 2539 1271 2602 ζ

249 2615 429 2702 τηνικαῦτα
460 2612 527 2700 γάρ
561 2616 599 2680 αί
628 2609 736 2698 χιόνες
769 2615 807 2679 αί
839 2611 893 2679 ἐπὶ
925 2625 995 2690 τοῖς
1021 2610 1117 2700 ὄρεσι
1144 2625 1271 2695 τοῖς

246 2711 430 2803 Ἀρμενίοις
456 2712 717 2800 κατατηκόμεναι
743 2711 905 2791 αὔξουσιν
930 2709 1023 2802 αὐτῷ
1049 2714 1090 2780 τὸ
1116 2713 1215 2802 ὕδωρ

252 2817 306 2884 ἐπί
332 2817 428 2903 μέγα,
456 2811 508 2882 ὅτι
535 2814 572 2881 δὲ
600 2816 758 2899 ἐπιπολῆς
784 2816 871 2882 ἐστιν
890 2811 982 2903 αὐτῷ
1001 2813 1060 2881 καὶ
1078 2812 1244 2903 ὐψηλόςε

250 2915 369 3003 ὁροὐς
393 2913 596 3002 ὑπερβάλλει
623 2918 656 2993 ἐς
681 2914 743 3000 τῆν
769 2913 895 3002 χῶραν,
921 2919 954 2982 εί
976 2914 1023 3002 μῆ
1049 2940 1101 2996 τις
1128 2917 1213 2985 ἀνα-

251 3015 427 3103 στομοίσας
453 3013 561 3083 αὐτῶν
587 3013 670 3082 κατά
696 3015 756 3082 τὸν
775 3013 1005 3084 Παλλακότταν
1033 3019 1068 3096 ἐς
1094 3017 1138 3084 τά
1157 3020 1212 3104 ἕλη

250 3145 284 3188 τε
312 3117 477 3204 ἐκτρέψειε
502 3116 559 3184 καί
585 3113 646 3196 τάς
671 3123 804 3205 λίμνας,
832 3124 871 3186 αλ
886 3115 927 3203 δῆ
945 3115 1129 3204 ἀρχόμεναι
1146 3118 1211 3186 άτιό

248 3217 371 3304 ταύτης
386 3219 444 3302 τῆς
459 3215 626 3304 διώρυχος
643 3224 714 3287 ἔστε
728 3220 783 3286 ἐπὶ
795 3216 856 3304 τῆν
870 3218 991 3304 ξυνεχῆ
1005 3223 1047 3306 τῆ
1060 3217 1213 3307 Ἀράβυν

247 3324 293 3408 γῆ
321 3319 377 3386 καὶ
404 3324 505 3386 ἔνθεν
531 3317 594 3404 μὲν
622 3321 654 3396 ἐς
680 3319 818 3404 τέναγος
837 3320 891 3387 ἐπὶ
910 3319 1012 3407 πολύ,
1040 3322 1076 3387 ἐκ
1094 3319 1133 3388 δὲ
1150 3324 1243 3388 τούν

215 3421 284 3498 4ἐς
316 3419 494 3487 θάλασσαν
526 3415 609 3484 κατά
644 3417 752 3486 πολλά
778 3444 813 3486 τε
839 3421 896 3488 καὶ
923 3417 1038 3508 άφανῆ
1065 3420 1213 3508 στόματα

254 3521 418 3588 ἐκδίδωσι.
463 3525 635 3604 τετηκυίας
663 3517 700 3586 66
726 3521 783 3604 τῆς
801 3519 910 3606 χιόνος
929 3519 1016 3608 ἀμφὶ
1035 3523 1213 3594 Πλειάδων
