2664 3946
224 224 284 289 128
574 225 826 284 ελυωεαιεοτ

187 383 203 432 ο
220 365 351 455 τράπου
370 372 486 436 παῖδα.
520 365 623 449 αύτδς
641 367 679 437 δὲ
693 364 739 447 οἷς
751 365 902 456 ἠγγέλθη
915 367 1000 436 κατὰ
1017 367 1079 456 τὴν
1097 365 1179 437 δδδν

220 466 272 536 ὅτι
296 468 452 555 έγνωκιδς
477 479 528 556 είη
553 481 699 556 Δαρεῖος
722 468 878 537 ἀπαντᾶν
901 495 937 538 τε
959 468 1052 560 αύτῷ
1080 467 1126 549 ιδς
1146 472 1179 550 ές

219 570 330 658 μάχην
339 572 396 639 καὶ
406 561 506 649 αὖθις
520 570 787 639 διακινδυνεύειν
798 568 955 658 (Σκύθας
965 597 1001 640 τε
1008 570 1075 660 γάρ
1084 569 1178 662 αύτῷ

218 668 311 758 ἥκειν
328 673 385 740 καὶ
408 676 619 752 Καδουσίους
637 670 850 762 συμμάχους)
875 671 916 739 τά
934 671 997 760 μὲν
1013 670 1179 759 ύποζύγια

219 772 383 852 καὶτοὺς
409 771 542 841 τούτων
575 773 731 862 φύλακας
760 775 818 842 καὶ
847 773 909 859 τὴν
940 771 1045 861 ἀλλην
1074 800 1205 842 κατα-ι

220 873 345 961 σκευὴν
359 875 498 943 ἕπεσθαι
508 875 676 944 ἐκέλευσε·
703 872 765 961 τὴν
778 876 937 963 στρατιάν
951 873 989 943 δὲ
1001 874 1064 962 τὴν
1072 873 1179 963 ἀλλην

220 973 404 1064 ἀναλαβών
417 965 497 1062 ἦγεν
512 977 736 1063 ἐσταλμένους
755 973 800 1055 οἱς
815 979 848 1055 ἐς
865 975 985 1065 μάχην.
1021 977 1078 1044 καὶ
1096 973 1178 1062 ἀφι-

186 1092 348 1146 4κυεῖται
371 1075 544 1166 δωδεκάτῃ
569 1075 678 1166 ἡμέρᾳ
702 1079 736 1156 ές
754 1082 903 1165 Μηδίαν.
950 1082 1034 1146 ἔνθα
1054 1083 1179 1164 ἔμαθεν

221 1175 284 1246 οάκ
303 1167 411 1247 οὖσαν
428 1175 608 1266 ἀξιόμαχον
626 1178 774 1266 δύναμιν
787 1185 924 1270 Δαρείῳ
942 1176 1024 1248 ούδδ
1038 1184 1177 1248 Καδου-

220 1287 317 1358 σίους
334 1273 356 1365 ἢ
374 1279 518 1359 Σκύθας
536 1278 629 1371 αὐτῷ
648 1278 845 1367 συμμάχους
862 1276 1018 1366 ἥκοντας,
1036 1277 1107 1347 ἀλλ’
1127 1277 1178 1347 ὅτι
1190 1307 1216 1347 ιο

219 1380 359 1466 φεύγειν
378 1381 534 1468 έγυωκιδς
552 1391 602 1468 είη
621 1392 781 1468 Δαρεῖος·
809 1379 827 1449 ὁ
849 1380 888 1450 δὲ
907 1386 954 1450 ἔτι
970 1385 1100 1468 μᾶλλον
1117 1371 1177 1467 ἦγε

219 1484 363 1569 σπουδῇ.
396 1479 440 1562 ἀς
454 1481 492 1550 δὲ
510 1480 646 1568 ἀπεῖχεν
656 1481 869 1571 Ἐκβατάνων
883 1479 965 1551 ὅσον
977 1485 1082 1570 τριῶν
1094 1480 1176 1569 ἦμε-

220 1586 290 1670 ρῶν
307 1580 403 1671 ὁδόν,
423 1585 574 1652 ἐνταῦθα
591 1581 724 1669 ἀπήντα
741 1582 835 1674 αύτῷ
853 1583 1017 1672 Βιστάνης
1035 1581 1175 1670 ὁὭχου

185 1700 201 1749 5
219 1687 390 1774 παῖς,τοῦ
410 1684 475 1773 πρδ
491 1691 641 1772 Δαρείου
659 1682 919 1773 βασιλεύσαντος
934 1689 1092 1772 Περσῶν·
1118 1685 1175 1752 καλ

218 1775 319 1865 οὗτος
332 1783 533 1872 ἀπήγγειλεν
547 1784 598 1854 ὅτι
610 1796 756 1875 Δαρεῖος
771 1789 805 1866 ές
818 1787 971 1874 πέμπτην
983 1785 1112 1875 ἡμέραν
1124 1796 1175 1874 είη
1189 1809 1214 1852 ιι

218 1887 414 1974 πεφευγώς,
433 1893 519 1974 ἔχων
535 1887 577 1955 τά
593 1913 630 1956 τε
646 1887 796 1976 χρήματα
815 1889 851 1956 έκ
868 1887 1001 1974 Μήδων
1021 1890 1054 1968 ἐς
1073 1889 1176 1956 ἑπτα-

216 1995 361 2074 κισχίλια
373 1987 521 2056 τάλαντα
533 1989 591 2057 καὶ
608 1988 767 2077 στρατιάν
783 1989 904 2068 ἱππέας
921 1987 984 2076 μὲν
1003 1992 1036 2069 ἐς
1049 2009 1175 2078 τρισχι-

218 2096 333 2178 λίους,
350 2090 469 2172 πεζούς
487 2089 526 2159 δὲ
545 2093 578 2168 ἐς
598 2091 844 2176 ἑξακισχιλίους.

289 2189 420 2260 Ἐλθύν
443 2190 482 2260 δὲ
506 2193 540 2271 ές
563 2189 748 2280 Ἐκβάτανα
765 2190 984 2280 Ἀλέξανδρος
1006 2191 1089 2270 τούς
1111 2189 1174 2278 μὲν

218 2291 407 2372 Θετταλούς
427 2293 549 2372 ίππέας
561 2293 618 2360 καὶ
636 2295 718 2373 τούς
732 2290 856 2372 ἀλλους
874 2292 1067 2380 ξυμμάχους
1085 2289 1173 2359 ἀπο·
1186 2316 1212 2356 ιο

217 2395 338 2481 πέμπει
354 2391 465 2462 ὀπίσω
484 2395 539 2463 ἐπὶ
555 2393 747 2483 θάλασσαν,
764 2393 825 2462 τόν
837 2421 874 2463 τε
886 2393 1010 2483 μισθὸν
1023 2391 1174 2472 ἀποδούς

217 2493 335 2574 αύτοῖς
354 2498 470 2583 ἐντελῆ
492 2494 553 2564 τδν
577 2496 842 2583 ξυντεταγμένον
859 2497 917 2564 καὶ
935 2501 1079 2581 δισχίλια
1097 2490 1172 2583 παρ’

183 2593 324 2664 οαύτοῦ
347 2595 497 2665 τάλαντα
516 2597 669 2677 ἐπιδούς·
696 2595 786 2676 ὅστις
807 2595 845 2666 δὲ
864 2601 935 2686 ἰδίᾳ
952 2595 1108 2684 βούλοιτο
1127 2600 1175 2662 ἔτι

216 2706 440 2786 μισθοφορεῖν
471 2697 546 2786 παρ’
571 2697 685 2790 αύτῷ,
716 2696 975 2788 ἀπογράφεσθαι
1005 2698 1173 2767 ἐκέλευσε·

215 2797 274 2864 καὶ
297 2799 453 2883 ἐγένοντο
475 2803 513 2867 οί
532 2797 809 2887 ἀπογραψάμενοι
831 2798 895 2868 ούκ
918 2796 1036 2885 ὀλίγοι.
1073 2795 1212 2867 Ἐπί-ιι

215 2903 331 2966 κιλλον
349 2897 387 2968 δὲ
403 2897 464 2968 τὸν
482 2903 691 2980 Πολυειδοῦς
710 2901 802 2982 ἔταξε
824 2915 1028 2988 καταγαγεῖν
1045 2896 1174 2978 αύτούς

217 2998 263 3078 ἀς
278 3002 334 3068 ἐπὶ
346 3000 538 3088 θάλασσαν,
558 3003 678 3081 ίιιπέας
695 2999 820 3082 ἀλλους
835 3008 954 3088 ἔχοντα
968 3005 1002 3081 ές
1016 2998 1174 3088 φυλακὴν

216 3099 350 3170 αύτῶν·
385 3106 423 3171 οί
436 3103 501 3191 γὰρ
521 3103 685 3172 Θεσσαλοὶ
701 3101 783 3182 τούς
807 3107 934 3182 ἵππους
962 3101 1069 3171 αύτοῦ
1088 3099 1173 3170 ἀπέ·

216 3207 327 3273 δοντο.
360 3205 524 3274 ἐπέστειλε
541 3203 579 3273 δὲ
595 3205 653 3272 καὶ
672 3206 815 3291 Μένητι,
834 3203 968 3273 έπειδάν
985 3202 1175 3290 ἀφίκωνται

217 3307 273 3374 ἐπὶ
288 3305 487 3395 θάλασσαν,
512 3307 569 3375 καὶ
589 3307 828 3394 ἐπιμεληθῆναι
845 3303 935 3384 ὅπως
955 3306 1010 3373 ἐπὶ
1027 3305 1173 3392 τριηρῶν
1185 3326 1213 3368 σο
1317 3367 1318 3378 2

182 3417 198 3469 ’ί
217 3407 477 3496 κομισθήσονται
495 3411 528 3488 ἐς
548 3405 708 3495 Εὔβοιαν.
746 3413 973 3495 Παρμενίωνα
991 3404 1030 3475 δὲ
1047 3404 1172 3494 προσέ-

215 3510 292 3590 ταξε
320 3509 361 3578 τά
380 3509 530 3599 χρήματα
546 3508 589 3576 τά
615 3511 651 3577 ἐκ
670 3509 813 3597 Περσῶν
829 3507 1025 3596 κομιζόμενα
1043 3514 1091 3587 είς
1108 3505 1171 3595 τὴν
