2664 3946
221 257 282 320 122
570 255 823 313 ΔΛΕΞΑΝΔΡΟΤ

185 411 202 462 5
219 425 277 477 νος
290 396 371 477 τούς
385 395 514 484 φόρους
529 395 684 482 ἐκλέγειν.
715 393 905 483 κατέπεμψε
923 395 961 466 δέ
978 397 1035 466 καλ
1055 399 1088 477 ἐς
1099 395 1177 486 Ἀρ-

218 506 339 587 μενίαν
364 505 541 587 Μιθρίνην
565 497 758 588 σατράπην,
787 491 824 578 ὃς
852 497 914 584 τήν
947 501 984 568 ἐν
1008 498 1177 586 Σάρδεσιν

219 599 403 688 άκρόπολιν
423 598 631 691 Ἀλεξάνδρςο
651 597 823 668 ἐνέδωκεν.
861 605 946 668 ἔνθα
970 598 1012 688 δή
1030 601 1086 669 καὶ
1104 615 1176 681 τοῖς

221 707 401 781 Χαλδαίοις
419 700 587 788 ἐνέτυχεν,
604 701 661 770 καί
679 697 742 769 ὅσα
761 699 868 770 ἐδόκει
886 705 1069 781 Χαλδαίοις
1087 698 1176 789 άμφί

218 805 259 872 τά
277 802 351 892 ίερά
369 801 410 871 τά
428 805 465 872 ἐν
482 805 664 891 Βαβυλῦνι
682 802 819 890 ἔπραξε,
837 800 879 870 τά
895 827 931 871 τε
949 800 1034 871 ἄλλα
1051 804 1107 871 καὶ
1126 807 1201 894 τιβε
1325 855 1326 860 1

219 904 318 997 Βήλῳ
335 901 409 973 καθ’
428 899 451 972 ά
470 905 592 974 ἐκεῖνοι
608 902 791 993 ἐξηγοῦντο
809 910 943 973 ἔδυσεν.

184 1018 201 1067 ⁶
299 1004 409 1084 Αύτός
422 1003 461 1074 δέ
476 1007 532 1074 ἐπὶ
544 1005 689 1076 Σούσων
704 1004 891 1076 ἐστέλλετο
908 1006 966 1073 καὶ
981 1005 1176 1092 ἐντυγχάνει

218 1106 312 1198 αύτῷ
336 1106 419 1175 κατά
444 1106 506 1194 τήν
531 1105 613 1176 ὁδὸν
636 1103 715 1176 ὅτε
738 1121 818 1186 παῖς
841 1107 902 1174 τοῦ
929 1115 1089 1176 Σουσίων
1112 1128 1175 1175 σα-

217 1208 348 1297 τράπου
366 1209 423 1277 καὶ
442 1207 532 1296 παρά
552 1207 735 1289 Φιλοξένου
754 1207 955 1287 ἐπιστολεύς.
995 1207 1174 1290 Φιλόξενον

216 1314 281 1399 γὰρ
299 1307 405 1390 εύθῦς
425 1312 461 1378 ἐκ
477 1313 536 1397 τῆς
553 1309 659 1397 μάχης
679 1311 734 1378 ἐπὶ
749 1308 895 1378 Σούσων
915 1309 1064 1378 ἐστάλκει
1078 1307 1174 1379 Ἀλέ-
1188 1337 1213 1377 ιο

217 1415 368 1500 ξανδρος.
395 1412 437 1500 τή
458 1409 497 1479 δέ
517 1413 672 1500 ἐπιστολῇ
691 1415 734 1500 τῇ
754 1409 844 1499 παρά
861 1409 1042 1492 Φιλοξένου
1063 1409 1176 1497 ἐνεγέ-

217 1538 347 1602 γραπτο
364 1510 415 1582 ὅτι
432 1512 494 1599 τήν
515 1537 551 1581 τε
568 1511 667 1580 πόλιν
684 1517 721 1580 oc
742 1512 881 1581 Σούσιοι
900 1510 1176 1600 παραδεδώκασιν

184 1628 200 1676 ’ί
218 1617 275 1684 καὶ
292 1614 333 1683 τά
353 1613 504 1702 χρήματα
522 1614 633 1682 πάντα
647 1613 720 1704 σῷά
739 1615 827 1682 ἐστιν
843 1613 1059 1706 Ἀλεξάνδρῳ.
1090 1613 1175 1701 άφί-

217 1742 293 1785 κετο
311 1714 349 1785 δέ
364 1719 397 1795 ἐς
412 1719 530 1785 Σοῦσα
541 1713 755 1804 Ἀλέξανδρος
771 1719 807 1784 ἐκ
820 1718 1026 1803 Βαβυλῶνος
1041 1718 1078 1784 ἐν
1090 1714 1175 1802 ήμέ-

217 1844 291 1906 ραις
308 1827 428 1886 είκοσι·
455 1818 513 1884 καὶ
526 1813 708 1905 παρελθάν
721 1827 770 1897 είς
783 1816 846 1904 τήν
863 1816 962 1885 πόλιν
978 1817 1020 1884 τά
1037 1808 1080 1885 τε
1090 1816 1173 1904 χρή·
1188 1843 1213 1884 ιι
1316 1878 1326 1906 ,,

216 1945 304 2006 ματα
322 1917 529 2006 παρέλαβεν,
547 1916 628 1986 ὄντα
645 1917 813 2008 άργυρίου
831 1918 979 1987 τάλαντα
998 1921 1031 1998 ἐς
1049 1943 1174 1986 πεντα-

216 2019 394 2108 κισμύρια,
412 2020 468 2087 καὶ
486 2017 547 2105 τήν
564 2017 670 2108 άλλην
687 2019 895 2108 κατασκευήν
911 2019 974 2106 τήν
991 2019 1174 2108 βασιλικήν.

217 2119 325 2190 πολλά
351 2119 389 2190 δέ
412 2121 470 2188 καὶ
487 2117 573 2188 άλλα
597 2120 791 2209 κατελήφθη
815 2120 937 2209 αύτοῦ,
963 2117 1026 2190 ὅσα
1049 2121 1174 2208 Ξέρξης

218 2220 285 2290 άπδ
298 2225 357 2309 τῆς
372 2220 529 2301 Ἑλλάδος
545 2220 640 2308 άγων
656 2212 754 2310 ἦλθε,
771 2221 813 2290 τά
830 2249 866 2290 τε
883 2220 968 2290 ῦλλα
982 2222 1039 2290 καὶ
1054 2220 1174 2309 Ἀρμο-

183 2337 200 2387 8
218 2329 295 2393 δίου
312 2323 371 2391 ναί
391 2322 668 2410 Ἀριστογείτονος
692 2337 816 2408 χαλκαῖ
837 2324 974 2402 εἰκόνες.
1013 2323 1071 2390 καὶ
1088 2320 1174 2391 ταύ-
1186 2347 1212 2388 ιο

216 2451 275 2506 τας
294 2422 486 2512 Ἀθηναίοις
504 2422 613 2494 ὀπίσω
633 2423 755 2512 πέμπει
775 2423 1009 2514 Ἀλέξανδρος,
1032 2424 1090 2492 καὶ
1107 2426 1174 2492 νῦν

216 2542 344 2596 κεῖνται
353 2524 532 2614 Ἀθήνησιν
547 2529 584 2595 ἐν
598 2529 792 2617 Κεραμεικῷ
806 2530 846 2594 αλ
861 2525 1001 2613 εἰκόνες,
1019 2515 1041 2613 ή
1057 2523 1174 2612 άνιμευ

219 2631 252 2706 ἐς
275 2627 392 2715 πόλιν,
422 2627 624 2717 καταντικρύ
654 2627 796 2716 μάλιστα
818 2631 879 2694 τοῦ
904 2626 1079 2717 Μητρῴου
1090 2680 1100 2715 ,
1131 2623 1173 2695 οῦ

217 2728 349 2818 μακράν
361 2730 431 2796 τῦν
441 2727 650 2816 Εὐδανέμων
664 2731 725 2797 τοῦ
739 2730 874 2816 βωμοῦ·
894 2725 983 2807 ὅστις
997 2726 1035 2796 δέ
1043 2727 1173 2814 μεμύη-

217 2857 270 2898 ται
291 2845 368 2898 ταίν
390 2841 491 2898 θεαῖν
518 2833 555 2899 έν
577 2828 759 2916 Ἐλευσῖνι,
790 2826 861 2898 οἶδε
882 2826 943 2897 τδν
968 2828 1212 2916 Εύδανέμουιι

216 2930 333 3020 βωμὸν
354 2932 409 2998 ἐπὶ
426 2935 488 2998 τοῦ
507 2933 658 3000 δαπέδου
678 2928 768 2998 ὅντα.

183 3044 200 3095 ν
288 3029 459 3100 Ἐνταῦθα
484 3031 595 3110 θύσας
617 3035 665 3122 τῷ
689 3039 820 3123 πατρίῳ
843 3030 938 3122 νόμῳ
958 3029 1175 3118 Ἀλέξανδρος

218 3132 276 3200 καὶ
294 3131 455 3219 λαμπάδα
473 3131 611 3218 ποιήσας
627 3133 685 3201 καὶ
703 3131 820 3220 άγῶνα
838 3131 1020 3222 γυμνικόν,
1037 3141 1175 3200 καταλι-

217 3230 293 3302 πύν
317 3233 491 3322 σατράπην
509 3232 570 3319 μέν
593 3236 651 3318 τῆς
671 3237 862 3321 Σουσιανῆς
882 3232 1094 3322 Ἀβουλίτην,
1112 3231 1175 3301 άν-

218 3339 283 3423 δρα
301 3333 457 3425 Πέρσην,
479 3334 697 3424 φρούραρχον
715 3334 753 3406 δέ
772 3338 809 3406 ἐν
825 3339 867 3424 τή
887 3333 974 3425 άκρρι
991 3338 1061 3404 τῶν
1080 3334 1175 3404 Σού-
1188 3360 1213 3402 ιι
1317 3389 1318 3418 ,

217 3461 287 3506 σων
301 3436 462 3525 Μάζαρον
479 3439 548 3506 τῦν
562 3439 705 3526 ἑταίρων
718 3438 775 3505 καὶ
793 3437 981 3526 στρατηγὸν
996 3435 1176 3524 Ἀρχέλαον

216 3537 277 3609 τὸν
297 3539 495 3628 Θεοδώρου,
514 3536 703 3630 προύχύρει
721 3537 766 3618 ῦς
786 3539 840 3607 ἐπὶ
856 3539 1005 3628 Πέρσας·
1035 3539 1090 3607 ἐπὶ
1107 3537 1176 3608 θά-
