2664 3946
224 225 266 291 ‘16
575 221 827 282 Αεεωεαοεοτ

224 391 274 446 τις
291 369 362 435 τόν
379 363 464 453 ἀμφ’
484 363 611 453 αύτήν,
634 365 695 434 τόν
709 363 931 453 Ἀλέξανδρον
947 364 1074 452 δείξας,
1094 366 1181 434 ἐκεῖ·

224 494 287 537 νον
306 473 369 556 ἔφη
387 466 474 536 εἶναι
486 465 726 557 Ἀλέξανδρον,
747 466 810 554 τὴν
826 465 889 553 μὲν
906 472 1182 536 καταιδεσθεῖσαν

224 571 267 658 τῇ
286 573 466 658 διαμαρτία
483 567 695 657 ὑποχωρεῖν,
723 567 944 656 Ἀλέξανδρον
961 567 1000 636 δὲ
1017 567 1058 636 ού
1077 567 1183 654 φάναι

225 668 335 757 αὐτὴν
358 669 535 759 ἀμαρτεῖν·
574 671 632 738 καί
655 669 801 758 γάρκαὶ
827 672 956 738 ἐκεῖνον
980 667 1067 738 εἶναι
1086 667 1182 739 Ἀλέ-

191 773 381 861 Θξανδρον.
423 771 481 838 καὶ
503 775 611 839 ταῦτα
635 769 701 857 ἐγώ
726 768 806 839 οὔθ’
832 769 877 849 οἱς
899 769 1010 858 ἀληθῆ
1034 768 1112 839 ούτε
1136 768 1182 850 τός
1208 794 1221 836 ι

226 872 335 961 πάντη
358 871 479 941 ἀπιστα
505 870 689 961 ἀνέγραψα.
725 869 799 940 ἀλλ’
820 883 886 940 εῖτε
903 869 1011 952 οὕτως
1030 871 1181 960 ἐπράχθη

227 977 352 1044 ἐπαινῶ
372 973 592 1061 Ἀλέξανδρον
608 977 667 1059 τῆς
684 999 720 1041 τε
739 975 772 1053 ές
788 972 849 1053 τάς
866 989 1031 1060 γυναῖκας
1048 999 1181 1042 κατοικ·

226 1082 345 1156 τίσεως
362 1077 418 1144 καὶ
436 1077 495 1161 τῆς
513 1081 562 1153 είς
578 1072 639 1143 τόν
667 1076 801 1163 ἑταῖρον
825 1082 968 1156 πίστεως
991 1075 1049 1144 καὶ
1071 1077 1180 1162 τιμῆς·

227 1186 294 1246 είτε
316 1175 461 1256 πιθανός
485 1181 580 1246 δοκεῖ
602 1189 673 1255 τοῖς
704 1175 938 1263 ξογγράψασιν
964 1174 1183 1262 Ἀλέξανδρος

228 1276 274 1358 τός
297 1279 354 1347 καὶ
377 1279 484 1346 ταῦτα
503 1272 546 1345 ἀν
569 1276 697 1366 πράξας
721 1279 778 1346 καὶ
802 1277 908 1346 εἰπάν
930 1279 988 1346 καί
1014 1280 1069 1347 ἐπὶ
1095 1282 1182 1370 τῷδε
1197 1301 1221 1342 ιο

229 1381 353 1450 ἐπαινῶ
367 1377 597 1467 Ἀλέξανδρον.

179 1489 219 1554 13
303 1493 450 1570 Δαρεῖος
480 1479 518 1550 δὲ
548 1478 610 1567 τὴν
640 1477 702 1566 μέν
729 1478 839 1547 νύκτα
868 1478 933 1558 ξύν
963 1478 1090 1567 ὀλίγοις
1111 1495 1183 1560 τοῖς

227 1581 313 1670 ἀμφ’
334 1581 441 1651 αύτόν
460 1587 583 1668 ἔφυγε,
605 1583 647 1668 τῇ
672 1579 710 1649 δὲ
733 1579 841 1670 ἡμέρᾳ
861 1579 1112 1670 ἀναλαμβάνων
1130 1581 1182 1652 ἀεὶ

227 1688 296 1752 τῶν
315 1710 351 1752 τε
369 1684 512 1772 Περσῶν
528 1680 609 1761 τούς
626 1683 855 1762 διασωθέντας
874 1685 911 1752 έκ
927 1686 986 1770 τῆς
1002 1683 1108 1771 μάχης
1125 1686 1183 1753 καλ

227 1787 298 1852 τόν
331 1785 436 1866 ξένων
464 1785 533 1851 τάν
562 1783 799 1872 μισθοφόρων,
837 1786 872 1862 ές
901 1791 1183 1873 τετρακισχιλίους
1197 1808 1221 1848 1⁵

231 1891 315 1972 ἔχων
338 1884 420 1965 τούς
445 1884 591 1973 πάντας,
615 1883 660 1964 ύς
686 1887 741 1956 ἐπὶ
760 1885 924 1965 Θάψακόν
945 1913 981 1956 τε
1005 1885 1103 1954 πόλιν
1125 1888 1183 1954 καὶ

228 1986 291 2054 τὸν
301 1984 487 2076 Εὐφράτην
501 1985 651 2074 ποταμόν
665 1989 798 2074 σπονδῇ
813 1985 973 2074 ἤλαυνεν,
988 1985 1033 2066 ύς
1046 1987 1183 2072 τάχιστα

229 2088 333 2175 μέσον
367 2085 475 2157 αύτοῦ
506 2114 542 2156 τε
572 2088 629 2156 καὶ
655 2085 877 2176 Ἀλεξάνδρου
906 2089 967 2157 τόν
998 2087 1183 2177 Εὐφράτην

194 2200 213 2252 1
230 2208 371 2274 ποιησαι
403 2187 568 2276 Ἀμύντας
591 2187 671 2259 δε
652 2215 670 2256 ο
692 2187 864 2277 Ἀντιόχου
882 2192 939 2258 καὶ
958 2189 1182 2277 Θυμωνδας
1164 2216 1181 2258 ο

229 2290 406 2379 Μέντορος
429 2292 486 2358 καὶ
506 2288 786 2378 Ἀριστομήδης*
767 2316 786 2358 ο
813 2299 956 2377 Φεραῖος
973 2293 1031 2360 καί
1048 2291 1222 2418 Βιάνορα

229 2391 248 2460 ό
263 2389 449 2480 Ἀκαρνάν,
472 2381 720 2477 ξυμπάντες
678 2417 772 2460 ουτοι
789 2391 987 2480 αὐτόμολοι,
1015 2394 1096 2479 μετά
1114 2396 1184 2462 τῶν

229 2490 314 2618 ἀμφ’
344 2491 471 2572 αύτούς
495 2494 705 2581 στρατιωτῶν
727 2519 775 2618 μς
799 2491 1051 2580 ὀκτακισχιλίων
1075 2492 1184 2574 εύθύς

230 2620 277 2672 ως
289 2584 516 2680 τεταγμένοι
495 2613 582 2679 ησαν
602 2593 685 2661 κατά
698 2594 738 2661 τά
754 2592 814 2683 όρη
828 2594 1185 2683 φεύγοντεςάφίκοντο

195 2697 267 2773 θές
298 2703 458 2783 Τρίπολιν
483 2697 542 2780 τῆς
566 2703 740 2782 Φοινίκης·
774 2697 831 2764 καλ
860 2699 1012 2765 ἐνταῦθα
1037 2705 1183 2765 καταλα·

228 2794 347 2885 βάντες
363 2795 423 2875 τάς
439 2797 526 2874 ναῦς
543 2797 813 2883 νενεωλκημένας
833 2795 886 2884 ἐφ’
913 2787 962 2866 ὦν
980 2797 1130 2887 πρόσθεν
1149 2801 1185 2866 έκ
1198 2831 1223 2867 ιι

230 2898 365 2985 Λέσβον
383 2898 668 2984 διακεκομισμένοι
684 2887 783 2985 ἦσαν,
800 2898 932 2967 τούτων
947 2895 1021 2967 ὅσαι
1033 2899 1095 2987 μὲν
1110 2905 1185 2968 ίκα-

231 3005 294 3067 ναί
309 3018 423 3085 σφισιν
444 3001 477 3077 ἐς
489 2998 553 3083 τὴν
569 2999 709 3086 κομιδὴν
729 2998 890 3085 ἐδόκουν,
919 2999 1044 3080 ταύτας
1061 3008 1185 3070 καθελ-

228 3098 406 3186 κύσαντες,
418 3098 479 3179 τάς
492 3098 530 3168 δὲ
543 3097 646 3180 ἀλλας
660 3097 767 3169 αύτοῦ
783 3103 821 3169 έν
833 3116 905 3181 τοῖς
917 3109 1068 3190 νεωρίοις
1081 3128 1185 3169 κατα-

229 3199 434 3288 καύσαντες,
472 3199 518 3279 τίς
547 3199 592 3288 μὴ
620 3216 806 3290 παρασχεῖν
834 3217 969 3289 ταχεῖαν
998 3205 1096 3290 σφῶν
1124 3202 1186 3288 τὴν

229 3301 358 3390 δίωξιν,
377 3302 433 3370 έπὶ
446 3301 591 3391 Κύπρον
609 3309 755 3391 ἔφευγον
768 3304 825 3372 καὶ
840 3306 970 3373 ἐκεῖθεν
984 3309 1033 3384 είς
1046 3313 1185 3390 Αίγυπ·
1200 3332 1223 3373 ιο

228 3428 306 3491 τον,
348 3407 468 3493 ἵναπερ
504 3402 621 3490 ὀλίγον
656 3401 799 3491 ὕστερον
831 3407 1127 3493 πολυπραγμονῶν
1155 3431 1187 3475 τι

225 3499 393 3594 Ἀμύντας
411 3504 617 3592 ἀποθνήσκει
633 3503 704 3573 ύπό
723 3507 793 3572 τάν
812 3507 992 3596 ἐγχωρίων.
