2678 3950
495 241 676 294 ιιιιιιιυιιι
693 242 719 308 ι,
738 241 778 293 ιι.
1057 237 1121 304 263

158 395 201 467 ού
217 397 375 487 καρτερὸς
387 389 431 484 ήν
445 393 629 485 ιἰπέχεσθαι
640 403 709 466 τῶν
726 395 906 468 κινδύνων.
934 395 1121 488 άνθρωπον
1138 416 1158 464 ο

159 499 201 568 δέ
222 526 296 566 τινα
320 497 548 586 πρεσβύτερον
574 500 660 586 λέγει
688 499 860 586 Βοιῶτιον,
886 495 923 568 τό
950 498 987 568 δέ
1014 495 1120 588 ὄνομα

158 605 220 669 τού
237 596 423 688 άνθρῶπου
442 597 482 668 ού
504 599 602 686 λέγει,
631 592 675 679 ῶς
701 597 892 687 ἀχθόμενόν
909 625 945 668 τε
962 599 1045 690 πρὸς
1062 597 1121 680 τάς

160 699 357 788 ἐπιτιμήσεις
382 703 450 769 τῶν
476 707 587 789 φίλων
608 699 796 788 κατέμαθεν
818 697 1038 790 Ἀλέξανδρον
1063 700 1121 769 καλ

132 799 462 889 εέσκυθρωπακότα,
489 801 721 892 προσελθόντα
746 803 867 870 τούτου
892 801 1121 888 βοιωτιάζοντα

162 899 255 991 [ἅμα]
274 905 315 992 τῇ
333 907 433 990 φωνή
450 908 557 970 ταῦτα
574 898 695 989 φάναι·
720 893 966 989 ῶἈλέξανδρε,
984 897 1121 992 άνδρῶν

159 1000 200 1072 τά
219 1009 316 1092 ἔργα·
349 1009 410 1072 καί
423 1002 527 1071 τεκαὶ
546 1007 697 1091 ἰαμβεῖον
714 995 883 1090 ύπειπεῖν,
900 1003 959 1072 τὸν
977 1002 1016 1073 δὲ
1032 1009 1120 1073 νοῶν

158 1101 246 1173 εἶναι
261 1109 323 1173 τοῦ
342 1109 496 1191 ἰαμβείου
511 1100 560 1172 ότι
572 1105 618 1194 τῷ
636 1130 666 1171 τι
683 1106 805 1192 δρῶντι
817 1105 878 1187 καὶΙ
888 1113 1013 1174 παθεῖν
1031 1107 1121 1176 έστιν

159 1202 388 1293 ὀφειλόμενον.
416 1205 473 1273 καί
485 1209 608 1274 τοῦτον
621 1209 659 1273 έν
671 1229 707 1273 τε
719 1209 767 1295 τῷ
782 1211 971 1292 παραυτίκα
985 1200 1120 1274 εύδοκι-

120 1335 147 1376 ιο
159 1310 260 1394 μήσαι
287 1307 343 1374 καὶ
370 1304 631 1395 ἐπιτηδειότερον
657 1306 691 1385 ές
715 1305 752 1375 τό
781 1311 889 1374 ἔπειτα
913 1303 1120 1400 Ἀλεξάνδρμ

159 1407 329 1494 γενέσθαι.

232 1505 288 1576 Ἐν
312 1507 420 1599 τούτῳ
447 1505 484 1577 δὲ
510 1504 672 1593 άφίκοντο
698 1502 779 1596 παρ’
803 1503 1023 1595 Ἀλέξανδρον
1049 1503 1180 1576 τῶν14ι

160 1609 313 1678 Μαλλῶν
338 1612 406 1676 τῶν
432 1606 706 1694 ὑπολειπομένων
732 1608 904 1697 πρέσβεις,
932 1607 1119 1688 ἐνδιδόντες

159 1705 197 1776 τό
226 1715 343 1795 ἔθνος,
375 1708 433 1777 καλ
465 1707 555 1797 παρά
579 1706 793 1797 Ὀξυδρακῶν
825 1713 861 1778 oz
889 1734 927 1777 τε
958 1707 1119 1797 ἡγεμόνες

122 1841 147 1879 ιι
159 1815 228 1878 τῶν
254 1808 385 1878 πόλεων
410 1809 467 1877 καὶ
493 1813 528 1878 οί
550 1809 713 1898 νομάρχαι
738 1808 835 1878 αὐτοὶ
860 1809 917 1878 καὶ
941 1807 1035 1879 ἄλλοι
1051 1808 1120 1898 ἅμα

158 1909 290 1990 τούτοις
330 1908 448 1979 ἑκατόν
479 1909 536 1978 καλ
569 1907 775 1997 πεντήκοντα
807 1914 844 1979 oc
871 1904 1120 2000 χνοιριμῶτατοι

159 2009 399 2100 αὐτοκράτορες
425 2013 503 2101 περὶ
529 2016 686 2080 σπονδῶν
713 2009 806 2098 δῶρά
830 2037 866 2082 τε
892 2008 955 2081 ὅσα
981 2012 1120 2099 μέγιστα

159 2109 240 2202 παρ’
264 2110 382 2192 Ἰνδοῖς
408 2119 595 2200 κομίζοντες
621 2111 677 2180 καί
701 2112 739 2181 τό
760 2119 859 2192 ἔθνος
877 2112 934 2180 καλ
951 2103 1044 2181 οὗτοι
1062 2115 1120 2182 έν·

160 2212 319 2294 διδόντες.
354 2212 550 2298 ξυγχντοστά
574 2211 612 2284 δέ
629 2210 789 2302 άμαρτεῖν
808 2219 938 2300 ἔφασαν
956 2212 996 2282 ού
1015 2211 1118 2281 πάλαι
1134 2220 1153 2270 2

122 2344 147 2384 ιο
161 2311 240 2402 παρ’
260 2311 366 2385 αύτδν
383 2313 683 2402 πρεσβευσάμενοι·
712 2316 889 2401 ἐπιθυμεῖν
907 2313 986 2402 γάρ,
1006 2310 1120 2402 ῶσπερ

160 2415 245 2495 τινὲς
277 2413 390 2501 άλλοι,
424 2420 472 2484 έτι
503 2418 632 2501 μᾶλλον
657 2408 754 2482 αύτοὶΙ
782 2417 975 2502 ἐλευθερίας
1000 2439 1037 2482 τε
1062 2415 1120 2483 καὶ

160 2514 339 2604 αύτόυομοι
352 2513 450 2600 εἶναι,
466 2513 585 2601 ήντινα
600 2517 797 2604 ἐλευθερίαν
812 2517 844 2596 ἐξ
858 2513 936 2584 ότου
951 2513 1120 2596 Διόνυσος

161 2620 194 2697 ές
217 2614 345 2695 Ἰνδούς
370 2605 429 2702 ήκε
455 2613 547 2684 σῶαν
574 2622 688 2702 σφίσιν
714 2613 801 2684 εἶναι
828 2616 861 2695 ές
884 2613 1119 2704 Ἀλέξανδρον·

161 2724 193 2787 εἰ
210 2717 247 2787 δέ
260 2714 471 2806 Ἀλεξάνδρῳ
488 2719 613 2786 δοκοῦν
632 2718 733 2803 ἐστιν,
760 2713 810 2784 ὅτι
826 2717 883 2785 καὶ
898 2714 1119 2806 Ἀλέξανδρον

124 2846 148 2886 ιι
161 2815 227 2886 άπὸ
259 2823 351 2886 θεῶν
382 2816 542 2904 γενέσθαι
569 2816 669 2904 λόγος
703 2819 848 2905 κατέχει,
881 2818 1053 2906 σατράπην
1084 2845 1120 2888 τε

161 2917 382 3001 ἀναδέξεσθαι
406 2915 523 2987 ὅντινα
547 2918 657 2988 τάττοι
670 2914 888 3006 Ἀλέξανδρος
914 2921 971 2988 καί
991 2917 1119 3010 φόρους

160 3017 314 3090 άποίσειν
350 3016 431 3099 τούς
460 3012 666 3113 Ἀλεξάνδρρι
701 3018 877 3101 δόξαντας·
922 3019 1051 3090 διδόναι
1081 3019 1120 3090 δέ

160 3120 216 3189 καὶ
247 3119 395 3210 ὁμήρους
428 3121 557 3189 ἐθέλειν
587 3118 688 3200 ὅσους
703 3173 705 3178 -
720 3117 762 3190 ἂν
793 3123 870 3211 αῖτή
894 3118 1118 3210 Ἀλέξανδρος.

160 3219 178 3290 ὁ
196 3220 234 3290 δέ
250 3228 376 3310 χιλίους
394 3219 495 3310 ᾔτησε
512 3219 591 3305 τούς
607 3223 882 3310 κρατιστεύοντας
899 3229 959 3292 τοῦ
984 3229 1118 3310 ἔθνους,
1136 3241 1156 3290 ε

125 3357 148 3398 ιο
161 3322 233 3412 ούς,
259 3322 369 3412 εἰμὲν
386 3322 552 3412 βούλοιτο,
579 3319 657 3393 άντλ
676 3322 811 3412 ὁμήρων
828 3325 997 3406 καθέξειν·
1033 3329 1066 3392 εί
1081 3321 1120 3392 δέ

159 3425 216 3512 μή,
234 3425 519 3513 ξυστρατεύοντας
534 3424 619 3504 ἕξειν
634 3421 701 3495 ἔστ’
722 3421 765 3493 άν
779 3427 1009 3512 διαπολεμηθῇ
1025 3422 1119 3515 αύτῷ

160 3523 243 3616 πρὸς
269 3523 350 3607 τούς
375 3523 498 3605 ἄλλους
520 3523 659 3606 Ἰνδούς.
703 3528 739 3596 οί
762 3525 799 3594 δὲ
825 3523 904 3606 τούς
930 3550 965 3594 τε
989 3531 1119 3614 χιλίους
