2678 3950
252 209 315 275 272
607 206 856 270 mamper

252 368 420 457 Περσικὸν
445 369 503 438 καὶ
528 367 587 450 τάς
619 367 760 458 ἐκβολὰς
790 371 852 438 τοῦ
878 393 914 438 τε
941 365 1129 458 Εὐφράτου
1157 367 1224 438 καὶ

252 473 312 539 τοῦ
345 477 516 558 Τίγρητος.

202 578 244 644 20
326 568 542 641 Ἐπανελθοὶν
576 569 615 640 δὲ
646 569 754 640 όπίσω
780 568 815 650 ἒς
840 567 881 638 τά
916 568 1057 640 Πάταλα
1089 567 1152 655 τήν
1179 595 1221 638 τε

252 668 360 759 ἄκραν
393 673 637 760 τετειχισμένην
674 670 923 759 καταλαμβάνει
959 671 1016 739 καὶ
1048 676 1221 741 Πείθωνα

252 770 317 854 ξῦν
347 777 390 862 τῇ
421 778 559 864 στρατιᾷ
592 771 778 860 άφιγμίνον
809 772 867 841 καὶ
899 770 1009 864 τοῦτμ
1036 770 1247 859 ξῦμπανταε

252 875 554 962 καταπεπραγμένα
568 871 623 962 ἐφ’
643 871 761 964 οίσπερ
775 871 907 961 ἐστάλη.
929 870 1136 960 Ἡφαιστίων
1149 871 1218 959 μὲν

254 973 296 1062 δὴ
322 972 444 1063 ἐτάχθη
469 976 727 1063 παρασκευάζειν
753 974 793 1044 τά
820 974 904 1063 πρὸς
928 972 989 1044 τόν
1008 971 1218 1060 ἐκτειχισμόν

250 1101 288 1144 τε
311 1077 373 1144 τοῦ
399 1076 621 1165 ναυστάθμου
646 1077 705 1146 καί
729 1081 799 1145 τοῖν
814 1080 1007 1145 νεωσοίκων
1028 1073 1091 1161 τὴν
1108 1100 1217 1142 κατα-

251 1176 392 1263 σκευήν·
431 1177 489 1246 καί
514 1177 581 1267 γάρ
594 1179 651 1247 καὶ
669 1177 818 1247 ἐνταῦθα
836 1175 967 1245 ίπενόει
984 1175 1105 1244 στόλον
1121 1173 1216 1244 ῦπο-

250 1285 425 1348 λείπεσθαι
456 1281 545 1348 νοῦν
578 1277 642 1348 οῦκ
672 1273 797 1363 ὀλίγων
829 1275 915 1367 πρός
947 1279 989 1366 τῇ
1016 1275 1111 1345 πόλει
1140 1291 1216 1357 τοῖς
1230 1307 1254 1348 ιι

252 1378 431 1468 Πατάλοις,
458 1385 578 1469 ἵναπερ
605 1378 746 1467 ἐσχίζετο
772 1377 791 1447 ὁ
818 1375 967 1466 ποταμός
993 1376 1012 1446 ό
1036 1375 1151 1456 Ἰνδός.

217 1497 234 1547 2
327 1479 443 1560 Αῦτὸς
469 1480 508 1548 δὲ
533 1480 616 1549 κατὰ
656 1479 694 1549 τό
727 1482 841 1569 ἕτερον
874 1479 980 1568 στόμα
1013 1483 1075 1546 τοῦ
1098 1475 1213 1547 Ἰνδοῦ

249 1583 402 1650 κατέπλει
419 1572 520 1660 αὖθις
538 1579 572 1662 ἐς
588 1579 651 1668 τὴν
666 1580 815 1670 μεγάλην
831 1580 1022 1666 θάλασσαν,
1042 1577 1088 1658 ῦς
1105 1606 1208 1647 κατα-

249 1693 373 1769 μαθεῖν
400 1681 465 1768 δπη
484 1681 735 1773 εῦπορωτέραὴ
756 1683 876 1770 ἐκβολὴ
894 1687 957 1751 τοῦ
971 1679 1080 1751 Ἰνδοῦ
1101 1682 1134 1759 ἐς
1148 1681 1212 1748 τόν

253 1783 380 1850 πόντον
412 1791 560 1872 γίνεται,
591 1782 704 1870 άπίχει
730 1782 768 1852 δὲ
794 1781 949 1870 άλλήλων
986 1782 1028 1850 τά
1061 1779 1211 1868 στόματα
1226 1810 1251 1851 ιε

250 1887 312 1950 τοῦ
338 1889 491 1970 ποταμοῦ
517 1888 576 1953 τοῦ
591 1883 702 1954 Ἰνδοῦ
721 1886 754 1964 ἐς
772 1888 931 1964 σταδίους
948 1883 1090 1972 μάλιστα
1106 1880 1210 1950 ὀκτα-

217 1989 387 2063 εκοσίους
412 1986 470 2053 καί
496 1992 633 2071 χιλίους.
684 1988 721 2054 ἐν
747 1984 787 2054 δὲ
811 1988 859 2077 τῷ
885 1985 1044 2076 κατάπλῳ
1070 1981 1210 2070 ἄφίκετο

249 2088 309 2171 τῆς
323 2086 463 2172 ἐκβολῆς
479 2090 542 2153 τοῦ
560 2090 712 2172 ποταμοῦ
731 2088 765 2167 ίς
778 2093 900 2174 λίμνην
913 2086 1075 2175 μεγάλην,
1091 2081 1211 2170 ἥντινα
1310 2147 1311 2185 ἦ

250 2182 474 2274 ἀναχεόμενος
499 2183 518 2255 δ
537 2185 696 2274 ποταμός,
722 2186 826 2273 τυχὸν
849 2186 888 2256 δὲ
904 2187 961 2256 καί
980 2191 1017 2257 ἐκ
1033 2191 1101 2256 τάν
1114 2185 1209 2274 πέριξ

250 2281 386 2356 ῦδάτων
419 2285 632 2375 ἐμβαλόντων
660 2291 694 2367 ἐς
726 2287 853 2376 αῦτήν,
885 2287 1033 2376 μεγάλην
1058 2314 1094 2356 τε
1121 2301 1249 2355 ποιελιο

249 2389 307 2456 καί
338 2386 454 2480 κόλπῳ
485 2389 627 2476 μάλιστα
652 2388 826 2477 θαλάσσης
854 2392 1018 2460 ἐοικυῖαν·
1056 2388 1114 2457 καὶ
1140 2385 1209 2476 γάρ
1309 2411 1310 2421 ’

251 2487 369 2574 ίχθῦες
394 2487 457 2577 ἥδη
485 2492 521 2558 ἐν
548 2490 634 2580 αὐτῇ
652 2497 720 2560 τοῖν
738 2488 804 2559 άπὸ
821 2492 995 2580 θαλάσσης
1014 2493 1207 2578 ἐφαίνοντο,

247 2596 395 2676 μείζονες
420 2592 489 2659 τοῖν
517 2595 553 2662 ἐν
578 2597 659 2682 τῇδε
674 2599 717 2681 τῇ
734 2591 875 2682 ἡμετέρη
893 2593 1059 2681 θαλάσση.
1098 2609 1207 2678 προσ-

251 2691 425 2775 ορμισθεὶς
452 2682 516 2760 οῦν
538 2693 621 2761 κατὰ
638 2691 700 2780 τὴν
724 2700 847 2781 λίμνην
869 2697 990 2782 ἵναπερ
1007 2699 1044 2762 οί
1057 2702 1207 2777 καθηγε-

247 2789 347 2877 μόνες
366 2792 557 2881 ἐξηγοῦντο,
574 2798 641 2861 τῶν
658 2793 720 2880 μὲν
738 2799 949 2882 στρατιωτῶν
964 2793 1046 2874 τοῦς
1059 2791 1207 2872 πολλοῦς
1222 2819 1250 2860 τε

248 2899 440 2962 καταλείπει
454 2891 519 2962 σῦν
528 2893 705 2963 Λεοννάτα
719 2893 826 2963 αῦτοῦ
839 2895 986 2976 καὶτοὺς
999 2895 1208 2984 κερκούρους
1307 2883 1308 2892 ¹

214 2991 452 3080 ίξόμπαντας.
504 2992 608 3074 αῦτδς
639 2993 678 3062 δὲ
707 3009 781 3076 ταῖς
814 2996 1059 3086 τριακοντόροις
1085 2997 1208 3066 τεκαὶ

248 3092 414 3181 ἡμιολίαις
444 3094 647 3182 ῦπερβαλων
672 3093 734 3184 τὴν
761 3096 901 3186 ἐκβολὴν
927 3102 988 3167 τοῦ
1010 3096 1119 3167 Ἰνδοῦ
1146 3101 1207 3167 καὶ

248 3193 427 3283 προελθῦν
444 3196 501 3264 καί
518 3195 625 3286 ταῦτη
644 3199 678 3277 ἐς
694 3197 757 3286 τὴν
773 3197 950 3268 θάλασσαν
968 3196 1207 3288 εὐπορωτέραν

247 3322 283 3364 τε
300 3295 466 3382 κατέμαθε
490 3295 552 3383 τὴν
578 3299 633 3366 ἐπὶ
658 3297 739 3368 τάδε
763 3304 824 3368 τοῦ
843 3294 951 3369 Ἰνδοῦ
979 3298 1121 3388 ἐκβολὴν
1146 3303 1207 3370 καὶ
1221 3325 1252 3368 εο

249 3394 353 3476 αῦτδς
378 3399 636 3484 προσορμισθεὶς
662 3403 709 3489 τῷ
736 3402 877 3491 αίγιαλῷ
902 3402 960 3470 καὶ
985 3405 1054 3469 νῦν
1074 3404 1208 3472 ἱππέων

248 3495 341 3575 τινάς
372 3493 440 3584 ἅμα
466 3492 502 3566 οί
527 3503 611 3586 ἔχων
637 3498 726 3588 παρὰ
751 3499 928 3571 θάλασσαν
953 3498 1006 3591 ᾔει
1031 3503 1207 3592 σταθμοῦς
1304 3569 1305 3605 χ
