<?xml version="1.0" encoding="UTF-8"?>
<!DOCTYPE html PUBLIC "-//W3C//DTD XHTML 1.0 Transitional//EN"
    "http://www.w3.org/TR/xhtml1/DTD/xhtml1-transitional.dtd">
<html xmlns="http://www.w3.org/1999/xhtml" xml:lang="en" lang="en">
 <head>
  <title>
</title>
<meta http-equiv="Content-Type" content="text/html;charset=utf-8" />
  <meta name='ocr-system' content='tesseract 3.04.00' />
  <meta name='ocr-capabilities' content='ocr_page ocr_carea ocr_par ocr_line ocrx_word'/>
</head>
<body>
  <div class='ocr_page' id='page_1' title='image "./arrianianabasis00abicgoog_0042.png"; bbox 0 0 2650 3948; ppageno 0'>
   <div class='ocr_carea' id='block_1_1' title="bbox 451 244 1106 313">
    <p class='ocr_par' dir='ltr' id='par_1_1' title="bbox 451 244 1106 313">
     <span class='ocr_line' id='line_1_1' title="bbox 451 244 1106 313; baseline 0.006 -14"><span class='ocrx_word' id='word_1_1' title='bbox 451 249 633 300; x_wconf 76' lang='grc' dir='ltr'><strong>ΔΝΛΒΑΣΙΣ</strong></span> <span class='ocrx_word' id='word_1_2' title='bbox 647 251 670 313; x_wconf 93' lang='grc'><strong><em>1,</em></strong></span> <span class='ocrx_word' id='word_1_3' title='bbox 686 251 778 301; x_wconf 90' lang='grc'><strong>10.11.</strong></span> <span class='ocrx_word' id='word_1_4' title='bbox 1064 244 1106 311; x_wconf 76' lang='grc'><strong><em>21</em></strong></span> 
     </span>
    </p>
   </div>
   <div class='ocr_carea' id='block_1_2' title="bbox 112 381 1159 3620">
    <p class='ocr_par' dir='ltr' id='par_1_2' title="bbox 112 381 1159 3620">
     <span class='ocr_line' id='line_1_2' title="bbox 147 381 1108 478; baseline 0.002 -22"><span class='ocrx_word' id='word_1_5' title='bbox 147 383 213 456; x_wconf 86' lang='grc' dir='ltr'><strong><em>ούκ</em></strong></span> <span class='ocrx_word' id='word_1_6' title='bbox 230 381 401 475; x_wconf 75' lang='grc' dir='ltr'><strong><em>ἐξέδοσαν,</em></strong></span> <span class='ocrx_word' id='word_1_7' title='bbox 421 388 662 478; x_wconf 76' lang='grc' dir='ltr'><strong><em>πρεσβεύονται</em></strong></span> <span class='ocrx_word' id='word_1_8' title='bbox 679 388 717 458; x_wconf 76' lang='grc' dir='ltr'><strong><em>δέ</em></strong></span> <span class='ocrx_word' id='word_1_9' title='bbox 731 381 831 469; x_wconf 84' lang='grc' dir='ltr'><strong><em>αὖθις</em></strong></span> <span class='ocrx_word' id='word_1_10' title='bbox 847 387 938 477; x_wconf 82' lang='grc' dir='ltr'><strong><em>παρά</em></strong></span> <span class='ocrx_word' id='word_1_11' title='bbox 952 383 1108 470; x_wconf 78' lang='grc' dir='ltr'><strong><em>Ἀλέξαν-</em></strong></span> 
     </span>
     <span class='ocr_line' id='line_1_3' title="bbox 148 487 1107 579; baseline 0 -21"><span class='ocrx_word' id='word_1_12' title='bbox 148 493 244 578; x_wconf 91' lang='grc' dir='ltr'><strong><em>δρον,</em></strong></span> <span class='ocrx_word' id='word_1_13' title='bbox 262 487 398 576; x_wconf 89' lang='grc' dir='ltr'><strong><em>άφεῖναι</em></strong></span> <span class='ocrx_word' id='word_1_14' title='bbox 422 489 575 578; x_wconf 87' lang='grc' dir='ltr'><strong><em>δεόμενοι</em></strong></span> <span class='ocrx_word' id='word_1_15' title='bbox 591 487 654 578; x_wconf 77' lang='grc' dir='ltr'><strong><em>τὴν</em></strong></span> <span class='ocrx_word' id='word_1_16' title='bbox 672 487 778 579; x_wconf 79' lang='grc' dir='ltr'><strong><em>ὀργὴν</em></strong></span> <span class='ocrx_word' id='word_1_17' title='bbox 794 504 864 570; x_wconf 89' lang='grc' dir='ltr'><strong><em>τοῖς</em></strong></span> <span class='ocrx_word' id='word_1_18' title='bbox 888 489 1107 579; x_wconf 76' lang='grc' dir='ltr'><strong><em>ἐξαιτηθεῖσι·</em></strong></span> 
     </span>
     <span class='ocr_line' id='line_1_4' title="bbox 148 587 1108 681; baseline 0.004 -23"><span class='ocrx_word' id='word_1_19' title='bbox 148 589 206 658; x_wconf 84' lang='grc' dir='ltr'><strong><em>καὶ</em></strong></span> <span class='ocrx_word' id='word_1_20' title='bbox 221 587 439 680; x_wconf 77' lang='grc' dir='ltr'><strong><em>Ἀλέξανδρος</em></strong></span> <span class='ocrx_word' id='word_1_21' title='bbox 453 588 573 679; x_wconf 78' lang='grc' dir='ltr'><strong><em>άφῆκε,</em></strong></span> <span class='ocrx_word' id='word_1_22' title='bbox 590 590 696 679; x_wconf 85' lang='grc' dir='ltr'><strong><em>τυχόν</em></strong></span> <span class='ocrx_word' id='word_1_23' title='bbox 713 592 777 681; x_wconf 69' lang='grc' dir='ltr'><strong><em>μὲν</em></strong></span> <span class='ocrx_word' id='word_1_24' title='bbox 794 596 888 662; x_wconf 91' lang='grc' dir='ltr'><strong><em>αίδοῖ</em></strong></span> <span class='ocrx_word' id='word_1_25' title='bbox 897 597 956 679; x_wconf 77' lang='grc' dir='ltr'><strong><em>τῆς</em></strong></span> <span class='ocrx_word' id='word_1_26' title='bbox 969 591 1108 678; x_wconf 86' lang='grc' dir='ltr'><strong><em>πόλεως,</em></strong></span> 
     </span>
     <span class='ocr_line' id='line_1_5' title="bbox 148 689 1109 782; baseline 0.002 -23"><span class='ocrx_word' id='word_1_27' title='bbox 148 689 253 780; x_wconf 85' lang='grc' dir='ltr'><strong><em>τυχόν</em></strong></span> <span class='ocrx_word' id='word_1_28' title='bbox 277 691 315 761; x_wconf 69' lang='grc' dir='ltr'><strong><em>δὲ</em></strong></span> <span class='ocrx_word' id='word_1_29' title='bbox 341 697 474 782; x_wconf 78' lang='grc' dir='ltr'><strong><em>σπουδῇ</em></strong></span> <span class='ocrx_word' id='word_1_30' title='bbox 497 697 559 762; x_wconf 85' lang='grc' dir='ltr'><strong><em>τού</em></strong></span> <span class='ocrx_word' id='word_1_31' title='bbox 584 689 620 773; x_wconf 80' lang='grc' dir='ltr'><strong><em>ἐς</em></strong></span> <span class='ocrx_word' id='word_1_32' title='bbox 645 692 707 780; x_wconf 75' lang='grc' dir='ltr'><strong><em>τὴν</em></strong></span> <span class='ocrx_word' id='word_1_33' title='bbox 730 691 846 764; x_wconf 85' lang='grc' dir='ltr'><strong><em>Ἀσίαν</em></strong></span> <span class='ocrx_word' id='word_1_34' title='bbox 876 693 1015 781; x_wconf 88' lang='grc' dir='ltr'><strong><em>στόλου,</em></strong></span> <span class='ocrx_word' id='word_1_35' title='bbox 1046 691 1109 762; x_wconf 87' lang='grc' dir='ltr'><strong><em>ούκ</em></strong></span> 
     </span>
     <span class='ocr_line' id='line_1_6' title="bbox 124 789 1108 882; baseline 0.006 -24"><span class='ocrx_word' id='word_1_36' title='bbox 124 817 136 858; x_wconf 88' lang='grc' dir='ltr'><strong><em>ι</em></strong></span> <span class='ocrx_word' id='word_1_37' title='bbox 152 793 281 862; x_wconf 79' lang='grc' dir='ltr'><strong><em>ἐθέλων</em></strong></span> <span class='ocrx_word' id='word_1_38' title='bbox 290 789 392 863; x_wconf 80' lang='grc' dir='ltr'><strong><em>ούδέν</em></strong></span> <span class='ocrx_word' id='word_1_39' title='bbox 405 790 558 862; x_wconf 79' lang='grc' dir='ltr'><strong><em>ὕποπτον</em></strong></span> <span class='ocrx_word' id='word_1_40' title='bbox 568 792 1108 882; x_wconf 74' lang='grc' dir='ltr'><strong><em>ἐντοῖςἝλλησινὑπολείπεσθαι.</em></strong></span> 
     </span>
     <span class='ocr_line' id='line_1_7' title="bbox 149 893 1110 983; baseline -0.003 -17"><span class='ocrx_word' id='word_1_41' title='bbox 149 899 349 983; x_wconf 79' lang='grc' dir='ltr'><strong><em>Χαρίδημον</em></strong></span> <span class='ocrx_word' id='word_1_42' title='bbox 370 896 499 983; x_wconf 83' lang='grc' dir='ltr'><strong><em>μέντοι,</em></strong></span> <span class='ocrx_word' id='word_1_43' title='bbox 524 893 632 983; x_wconf 93' lang='grc' dir='ltr'><strong><em>μόνον</em></strong></span> <span class='ocrx_word' id='word_1_44' title='bbox 647 901 716 964; x_wconf 89' lang='grc' dir='ltr'><strong><em>τῶν</em></strong></span> <span class='ocrx_word' id='word_1_45' title='bbox 735 897 976 983; x_wconf 71' lang='grc' dir='ltr'><strong><em>ἐξαιτηθέντων</em></strong></span> <span class='ocrx_word' id='word_1_46' title='bbox 1000 896 1110 966; x_wconf 81' lang='grc' dir='ltr'><strong><em>τεκαὶ</em></strong></span> 
     </span>
     <span class='ocr_line' id='line_1_8' title="bbox 150 994 1109 1088; baseline 0 -22"><span class='ocrx_word' id='word_1_47' title='bbox 150 994 191 1066; x_wconf 87' lang='grc' dir='ltr'><strong><em>ού</em></strong></span> <span class='ocrx_word' id='word_1_48' title='bbox 211 997 396 1082; x_wconf 80' lang='grc' dir='ltr'><strong><em>δοθέντων,</em></strong></span> <span class='ocrx_word' id='word_1_49' title='bbox 414 996 554 1083; x_wconf 77' lang='grc' dir='ltr'><strong><em>φεύγειν</em></strong></span> <span class='ocrx_word' id='word_1_50' title='bbox 569 999 735 1066; x_wconf 80' lang='grc' dir='ltr'><strong><em>ἐκέλευσε·</em></strong></span> <span class='ocrx_word' id='word_1_51' title='bbox 754 998 809 1066; x_wconf 78' lang='grc' dir='ltr'><strong><em>καί</em></strong></span> <span class='ocrx_word' id='word_1_52' title='bbox 827 997 945 1084; x_wconf 78' lang='grc' dir='ltr'><strong><em>φεύγει</em></strong></span> <span class='ocrx_word' id='word_1_53' title='bbox 958 1002 1109 1088; x_wconf 81' lang='grc' dir='ltr'><strong><em>Χαρίδη-</em></strong></span> 
     </span>
     <span class='ocr_line' id='line_1_9' title="bbox 149 1094 919 1186; baseline 0.003 -20"><span class='ocrx_word' id='word_1_54' title='bbox 149 1123 212 1186; x_wconf 92' lang='grc' dir='ltr'><strong><em>μος</em></strong></span> <span class='ocrx_word' id='word_1_55' title='bbox 231 1101 264 1178; x_wconf 84' lang='grc' dir='ltr'><strong><em>ἐς</em></strong></span> <span class='ocrx_word' id='word_1_56' title='bbox 289 1095 352 1186; x_wconf 80' lang='grc' dir='ltr'><strong><em>τὴν</em></strong></span> <span class='ocrx_word' id='word_1_57' title='bbox 366 1095 481 1168; x_wconf 86' lang='grc' dir='ltr'><strong><em>Ἀσίαν</em></strong></span> <span class='ocrx_word' id='word_1_58' title='bbox 498 1094 588 1185; x_wconf 81' lang='grc' dir='ltr'><strong><em>παρά</em></strong></span> <span class='ocrx_word' id='word_1_59' title='bbox 605 1097 743 1185; x_wconf 80' lang='grc' dir='ltr'><strong><em>βασιλέα</em></strong></span> <span class='ocrx_word' id='word_1_60' title='bbox 761 1111 919 1186; x_wconf 86' lang='grc' dir='ltr'><strong><em>Δαρεῖον.</em></strong></span> 
     </span>
     <span class='ocr_line' id='line_1_10' title="bbox 233 1198 1159 1288; baseline 0.001 -20"><span class='ocrx_word' id='word_1_61' title='bbox 233 1203 346 1268; x_wconf 80' lang='grc' dir='ltr'><strong><em>Ταῦτα</em></strong></span> <span class='ocrx_word' id='word_1_62' title='bbox 370 1199 408 1268; x_wconf 73' lang='grc' dir='ltr'><strong><em>δὲ</em></strong></span> <span class='ocrx_word' id='word_1_63' title='bbox 427 1198 690 1288; x_wconf 76' lang='grc' dir='ltr'><strong><em>διαπραξάμενος</em></strong></span> <span class='ocrx_word' id='word_1_64' title='bbox 708 1201 898 1288; x_wconf 80' lang='grc' dir='ltr'><strong><em>ἐπανῆλθεν</em></strong></span> <span class='ocrx_word' id='word_1_65' title='bbox 923 1205 970 1281; x_wconf 88' lang='grc' dir='ltr'><strong><em>είς</em></strong></span> <span class='ocrx_word' id='word_1_66' title='bbox 988 1211 1107 1272; x_wconf 89' lang='grc' dir='ltr'><strong><em>Μακε-</em></strong></span> <span class='ocrx_word' id='word_1_67' title='bbox 1120 1203 1159 1269; x_wconf 88' lang='grc'><strong><em>11</em></strong></span> 
     </span>
     <span class='ocr_line' id='line_1_11' title="bbox 112 1297 1110 1393; baseline 0.006 -29"><span class='ocrx_word' id='word_1_68' title='bbox 112 1324 138 1364; x_wconf 86' lang='grc' dir='ltr'><strong><em>ιο</em></strong></span> <span class='ocrx_word' id='word_1_69' title='bbox 153 1305 287 1370; x_wconf 87' lang='grc' dir='ltr'><strong><em>δονίαν·</em></strong></span> <span class='ocrx_word' id='word_1_70' title='bbox 311 1300 368 1368; x_wconf 81' lang='grc' dir='ltr'><strong><em>καὶ</em></strong></span> <span class='ocrx_word' id='word_1_71' title='bbox 385 1305 433 1392; x_wconf 75' lang='grc' dir='ltr'><strong><em>τῷ</em></strong></span> <span class='ocrx_word' id='word_1_72' title='bbox 450 1327 486 1370; x_wconf 85' lang='grc' dir='ltr'><strong><em>τε</em></strong></span> <span class='ocrx_word' id='word_1_73' title='bbox 499 1301 559 1372; x_wconf 84' lang='grc' dir='ltr'><strong><em>Διὶ</em></strong></span> <span class='ocrx_word' id='word_1_74' title='bbox 575 1307 623 1393; x_wconf 77' lang='grc' dir='ltr'><strong><em>τῷ</em></strong></span> <span class='ocrx_word' id='word_1_75' title='bbox 638 1297 809 1392; x_wconf 81' lang='grc' dir='ltr'><strong><em>Ὀλυμπίῳ</em></strong></span> <span class='ocrx_word' id='word_1_76' title='bbox 826 1299 888 1388; x_wconf 78' lang='grc' dir='ltr'><strong><em>την</em></strong></span> <span class='ocrx_word' id='word_1_77' title='bbox 904 1308 1033 1370; x_wconf 88' lang='grc' dir='ltr'><strong><em>θυσίαν</em></strong></span> <span class='ocrx_word' id='word_1_78' title='bbox 1049 1301 1110 1390; x_wconf 76' lang='grc' dir='ltr'><strong><em>τὴν</em></strong></span> 
     </span>
     <span class='ocr_line' id='line_1_12' title="bbox 151 1399 1111 1492; baseline 0 -22"><span class='ocrx_word' id='word_1_79' title='bbox 151 1399 207 1471; x_wconf 79' lang='grc' dir='ltr'><strong><em>ἀπ’</em></strong></span> <span class='ocrx_word' id='word_1_80' title='bbox 223 1399 403 1492; x_wconf 76' lang='grc' dir='ltr'><strong><em>Ἀρχελάου</em></strong></span> <span class='ocrx_word' id='word_1_81' title='bbox 422 1407 469 1471; x_wconf 81' lang='grc' dir='ltr'><strong><em>ἔτι</em></strong></span> <span class='ocrx_word' id='word_1_82' title='bbox 485 1407 705 1472; x_wconf 73' lang='grc' dir='ltr'><strong><em>καθεστῶσαν</em></strong></span> <span class='ocrx_word' id='word_1_83' title='bbox 723 1408 827 1472; x_wconf 82' lang='grc' dir='ltr'><strong><em>ἔθυσε</em></strong></span> <span class='ocrx_word' id='word_1_84' title='bbox 843 1402 901 1472; x_wconf 80' lang='grc' dir='ltr'><strong><em>καί</em></strong></span> <span class='ocrx_word' id='word_1_85' title='bbox 917 1400 977 1471; x_wconf 87' lang='grc' dir='ltr'><strong><em>τόν</em></strong></span> <span class='ocrx_word' id='word_1_86' title='bbox 995 1400 1111 1488; x_wconf 86' lang='grc' dir='ltr'><strong><em>όγῶνα</em></strong></span> 
     </span>
     <span class='ocr_line' id='line_1_13' title="bbox 153 1501 1110 1592; baseline -0.001 -18"><span class='ocrx_word' id='word_1_87' title='bbox 153 1506 190 1574; x_wconf 86' lang='grc' dir='ltr'><strong><em>ἐν</em></strong></span> <span class='ocrx_word' id='word_1_88' title='bbox 204 1509 328 1590; x_wconf 79' lang='grc' dir='ltr'><strong><em>Αἰγαῖς</em></strong></span> <span class='ocrx_word' id='word_1_89' title='bbox 342 1504 477 1592; x_wconf 81' lang='grc' dir='ltr'><strong><em>διέθηκε</em></strong></span> <span class='ocrx_word' id='word_1_90' title='bbox 489 1502 530 1572; x_wconf 84' lang='grc' dir='ltr'><strong><em>τά</em></strong></span> <span class='ocrx_word' id='word_1_91' title='bbox 545 1501 721 1591; x_wconf 87' lang='grc' dir='ltr'><strong><em>Ὀλύμπια·</em></strong></span> <span class='ocrx_word' id='word_1_92' title='bbox 739 1508 775 1573; x_wconf 92' lang='grc' dir='ltr'><strong><em>οί</em></strong></span> <span class='ocrx_word' id='word_1_93' title='bbox 791 1501 829 1572; x_wconf 78' lang='grc' dir='ltr'><strong><em>δδ</em></strong></span> <span class='ocrx_word' id='word_1_94' title='bbox 845 1503 903 1572; x_wconf 82' lang='grc' dir='ltr'><strong><em>καὶ</em></strong></span> <span class='ocrx_word' id='word_1_95' title='bbox 919 1517 993 1584; x_wconf 88' lang='grc' dir='ltr'><strong><em>ταῖς</em></strong></span> <span class='ocrx_word' id='word_1_96' title='bbox 1007 1503 1110 1574; x_wconf 83' lang='grc' dir='ltr'><strong><em>Μού-</em></strong></span> 
     </span>
     <span class='ocr_line' id='line_1_14' title="bbox 153 1599 1144 1696; baseline 0.001 -21"><span class='ocrx_word' id='word_1_97' title='bbox 153 1627 226 1684; x_wconf 91' lang='grc' dir='ltr'><strong><em>σαις</em></strong></span> <span class='ocrx_word' id='word_1_98' title='bbox 259 1605 415 1691; x_wconf 75' lang='grc' dir='ltr'><strong><em>λέγουσιν</em></strong></span> <span class='ocrx_word' id='word_1_99' title='bbox 446 1603 496 1674; x_wconf 86' lang='grc' dir='ltr'><strong><em>ότι</em></strong></span> <span class='ocrx_word' id='word_1_100' title='bbox 522 1599 637 1692; x_wconf 85' lang='grc' dir='ltr'><strong><em>άγῶνα</em></strong></span> <span class='ocrx_word' id='word_1_101' title='bbox 670 1607 814 1692; x_wconf 81' lang='grc' dir='ltr'><strong><em>ἐποίησε.</em></strong></span> <span class='ocrx_word' id='word_1_102' title='bbox 856 1605 914 1674; x_wconf 79' lang='grc' dir='ltr'><strong><em>καὶ</em></strong></span> <span class='ocrx_word' id='word_1_103' title='bbox 940 1607 978 1673; x_wconf 86' lang='grc' dir='ltr'><strong><em>ἐν</em></strong></span> <span class='ocrx_word' id='word_1_104' title='bbox 1002 1604 1144 1696; x_wconf 82' lang='grc' dir='ltr'><strong><em>τούτφ2</em></strong></span> 
     </span>
     <span class='ocr_line' id='line_1_15' title="bbox 153 1704 1112 1796; baseline -0.003 -20"><span class='ocrx_word' id='word_1_105' title='bbox 153 1706 348 1794; x_wconf 79' lang='grc' dir='ltr'><strong><em>ἀγγέλλεται</em></strong></span> <span class='ocrx_word' id='word_1_106' title='bbox 373 1705 411 1776; x_wconf 87' lang='grc' dir='ltr'><strong><em>τό</em></strong></span> <span class='ocrx_word' id='word_1_107' title='bbox 438 1704 583 1796; x_wconf 76' lang='grc' dir='ltr'><strong><em>Ὀρφέως</em></strong></span> <span class='ocrx_word' id='word_1_108' title='bbox 612 1710 674 1774; x_wconf 84' lang='grc' dir='ltr'><strong><em>τού</em></strong></span> <span class='ocrx_word' id='word_1_109' title='bbox 706 1707 857 1795; x_wconf 84' lang='grc' dir='ltr'><strong><em>Οἰάγρου</em></strong></span> <span class='ocrx_word' id='word_1_110' title='bbox 886 1711 947 1775; x_wconf 83' lang='grc' dir='ltr'><strong><em>τοῦ</em></strong></span> <span class='ocrx_word' id='word_1_111' title='bbox 979 1705 1112 1796; x_wconf 79' lang='grc' dir='ltr'><strong><em>Θρᾳκός</em></strong></span> 
     </span>
     <span class='ocr_line' id='line_1_16' title="bbox 113 1805 1113 1896; baseline 0.003 -25"><span class='ocrx_word' id='word_1_112' title='bbox 113 1829 140 1872; x_wconf 82' lang='grc' dir='ltr'><strong><em>ιε</em></strong></span> <span class='ocrx_word' id='word_1_113' title='bbox 153 1807 287 1896; x_wconf 81' lang='grc' dir='ltr'><strong><em>ἄγαλμα</em></strong></span> <span class='ocrx_word' id='word_1_114' title='bbox 310 1805 348 1877; x_wconf 88' lang='grc' dir='ltr'><strong><em>τδ</em></strong></span> <span class='ocrx_word' id='word_1_115' title='bbox 374 1810 411 1878; x_wconf 89' lang='grc' dir='ltr'><strong><em>ἐν</em></strong></span> <span class='ocrx_word' id='word_1_116' title='bbox 434 1812 566 1896; x_wconf 90' lang='grc' dir='ltr'><strong><em>Πιερίδι</em></strong></span> <span class='ocrx_word' id='word_1_117' title='bbox 590 1811 731 1892; x_wconf 76' lang='grc' dir='ltr'><strong><em>ἱδρῶσαι</em></strong></span> <span class='ocrx_word' id='word_1_118' title='bbox 754 1810 916 1894; x_wconf 82' lang='grc' dir='ltr'><strong><em>ξυνεχῶς·</em></strong></span> <span class='ocrx_word' id='word_1_119' title='bbox 944 1807 1001 1876; x_wconf 79' lang='grc' dir='ltr'><strong><em>καί</em></strong></span> <span class='ocrx_word' id='word_1_120' title='bbox 1018 1806 1113 1876; x_wconf 84' lang='grc' dir='ltr'><strong><em>ἄλλοι</em></strong></span> 
     </span>
     <span class='ocr_line' id='line_1_17' title="bbox 152 1904 1112 1998; baseline 0 -20"><span class='ocrx_word' id='word_1_121' title='bbox 152 1909 237 1978; x_wconf 84' lang='grc' dir='ltr'><strong><em>άλλα</em></strong></span> <span class='ocrx_word' id='word_1_122' title='bbox 252 1912 444 1993; x_wconf 81' lang='grc' dir='ltr'><strong><em>ἐπεθείαζον</em></strong></span> <span class='ocrx_word' id='word_1_123' title='bbox 456 1914 526 1978; x_wconf 87' lang='grc' dir='ltr'><strong><em>τῶν</em></strong></span> <span class='ocrx_word' id='word_1_124' title='bbox 538 1907 703 1997; x_wconf 85' lang='grc' dir='ltr'><strong><em>μάντεων,</em></strong></span> <span class='ocrx_word' id='word_1_125' title='bbox 714 1904 949 1998; x_wconf 76' lang='grc' dir='ltr'><strong><em>Ἀρίστανδρος</em></strong></span> <span class='ocrx_word' id='word_1_126' title='bbox 963 1909 1012 1996; x_wconf 82' lang='grc' dir='ltr'><strong><em>δέ,</em></strong></span> <span class='ocrx_word' id='word_1_127' title='bbox 1026 1906 1112 1997; x_wconf 81' lang='grc' dir='ltr'><strong><em>ἆνηρ</em></strong></span> 
     </span>
     <span class='ocr_line' id='line_1_18' title="bbox 158 2007 1110 2100; baseline -0.002 -19"><span class='ocrx_word' id='word_1_128' title='bbox 158 2010 375 2100; x_wconf 84' lang='grc' dir='ltr'><strong><em>Τελμισσεύς,</em></strong></span> <span class='ocrx_word' id='word_1_129' title='bbox 389 2010 516 2099; x_wconf 90' lang='grc' dir='ltr'><strong><em>μάντις,</em></strong></span> <span class='ocrx_word' id='word_1_130' title='bbox 529 2019 673 2098; x_wconf 81' lang='grc' dir='ltr'><strong><em>θαρρεῖν</em></strong></span> <span class='ocrx_word' id='word_1_131' title='bbox 688 2013 862 2080; x_wconf 80' lang='grc' dir='ltr'><strong><em>ἐκέλευσεν</em></strong></span> <span class='ocrx_word' id='word_1_132' title='bbox 876 2007 1110 2100; x_wconf 77' lang='grc' dir='ltr'><strong><em>Ἀλέξανδρον·</em></strong></span> 
     </span>
     <span class='ocr_line' id='line_1_19' title="bbox 153 2109 1113 2201; baseline -0.004 -19"><span class='ocrx_word' id='word_1_133' title='bbox 153 2117 343 2200; x_wconf 83' lang='grc' dir='ltr'><strong><em>δηλοῦσθαι</em></strong></span> <span class='ocrx_word' id='word_1_134' title='bbox 363 2111 430 2201; x_wconf 86' lang='grc' dir='ltr'><strong><em>γάρ</em></strong></span> <span class='ocrx_word' id='word_1_135' title='bbox 453 2109 504 2181; x_wconf 85' lang='grc' dir='ltr'><strong><em>ότι</em></strong></span> <span class='ocrx_word' id='word_1_136' title='bbox 526 2126 675 2198; x_wconf 81' lang='grc' dir='ltr'><strong><em>ποιηταῖς</em></strong></span> <span class='ocrx_word' id='word_1_137' title='bbox 693 2114 784 2182; x_wconf 84' lang='grc' dir='ltr'><strong><em>ἐπῶν</em></strong></span> <span class='ocrx_word' id='word_1_138' title='bbox 799 2139 836 2182; x_wconf 88' lang='grc' dir='ltr'><strong><em>τε</em></strong></span> <span class='ocrx_word' id='word_1_139' title='bbox 852 2111 910 2180; x_wconf 83' lang='grc' dir='ltr'><strong><em>καὶ</em></strong></span> <span class='ocrx_word' id='word_1_140' title='bbox 925 2116 1038 2198; x_wconf 86' lang='grc' dir='ltr'><strong><em>μελῶν</em></strong></span> <span class='ocrx_word' id='word_1_141' title='bbox 1055 2112 1113 2180; x_wconf 79' lang='grc' dir='ltr'><strong><em>καὶ</em></strong></span> 
     </span>
     <span class='ocr_line' id='line_1_20' title="bbox 154 2208 1113 2305; baseline -0.002 -21"><span class='ocrx_word' id='word_1_142' title='bbox 154 2213 228 2284; x_wconf 82' lang='grc' dir='ltr'><strong><em>ὅσοι</em></strong></span> <span class='ocrx_word' id='word_1_143' title='bbox 245 2209 332 2303; x_wconf 85' lang='grc' dir='ltr'><strong><em>άμφί</em></strong></span> <span class='ocrx_word' id='word_1_144' title='bbox 350 2208 443 2305; x_wconf 73' lang='grc' dir='ltr'><strong><em>ῶδὴν</em></strong></span> <span class='ocrx_word' id='word_1_145' title='bbox 461 2219 574 2300; x_wconf 79' lang='grc' dir='ltr'><strong><em>ἔχουσι</em></strong></span> <span class='ocrx_word' id='word_1_146' title='bbox 597 2211 704 2293; x_wconf 85' lang='grc' dir='ltr'><strong><em>πολύς</em></strong></span> <span class='ocrx_word' id='word_1_147' title='bbox 722 2213 824 2293; x_wconf 83' lang='grc' dir='ltr'><strong><em>πόνος</em></strong></span> <span class='ocrx_word' id='word_1_148' title='bbox 842 2218 934 2282; x_wconf 82' lang='grc' dir='ltr'><strong><em>ἔσται</em></strong></span> <span class='ocrx_word' id='word_1_149' title='bbox 950 2227 1060 2284; x_wconf 85' lang='grc' dir='ltr'><strong><em>ποιεῖν</em></strong></span> <span class='ocrx_word' id='word_1_150' title='bbox 1076 2239 1113 2282; x_wconf 86' lang='grc' dir='ltr'><strong><em>τε</em></strong></span> 
     </span>
     <span class='ocr_line' id='line_1_21' title="bbox 114 2312 1053 2405; baseline -0.003 -20"><span class='ocrx_word' id='word_1_151' title='bbox 114 2337 141 2378; x_wconf 71' lang='lat'><strong><em>20</em></strong></span> <span class='ocrx_word' id='word_1_152' title='bbox 154 2317 211 2385; x_wconf 80' lang='grc' dir='ltr'><strong><em>καί</em></strong></span> <span class='ocrx_word' id='word_1_153' title='bbox 230 2314 325 2405; x_wconf 80' lang='grc' dir='ltr'><strong><em>ᾅδειν</em></strong></span> <span class='ocrx_word' id='word_1_154' title='bbox 340 2313 560 2404; x_wconf 81' lang='grc' dir='ltr'><strong><em>Ἀλέξανδρον</em></strong></span> <span class='ocrx_word' id='word_1_155' title='bbox 577 2314 634 2384; x_wconf 85' lang='grc' dir='ltr'><strong><em>καὶ</em></strong></span> <span class='ocrx_word' id='word_1_156' title='bbox 651 2313 692 2382; x_wconf 82' lang='grc' dir='ltr'><strong><em>τά</em></strong></span> <span class='ocrx_word' id='word_1_157' title='bbox 705 2312 926 2402; x_wconf 83' lang='grc' dir='ltr'><strong><em>Ἀλεξάνδρου</em></strong></span> <span class='ocrx_word' id='word_1_158' title='bbox 944 2319 1035 2402; x_wconf 84' lang='grc' dir='ltr'><strong><em>ἔργα.</em></strong></span> <span class='ocrx_word' id='word_1_159' title='bbox 1050 2363 1053 2370; x_wconf 89' lang='grc'>-</span> 
     </span>
     <span class='ocr_line' id='line_1_22' title="bbox 223 2408 1147 2509; baseline -0.003 -23"><span class='ocrx_word' id='word_1_160' title='bbox 223 2415 310 2506; x_wconf 74' lang='grc' dir='ltr'><strong><em>’Ἁμα</em></strong></span> <span class='ocrx_word' id='word_1_161' title='bbox 329 2416 367 2486; x_wconf 72' lang='grc' dir='ltr'><strong><em>δὲ</em></strong></span> <span class='ocrx_word' id='word_1_162' title='bbox 383 2423 430 2509; x_wconf 76' lang='grc' dir='ltr'><strong><em>τῷ</em></strong></span> <span class='ocrx_word' id='word_1_163' title='bbox 454 2408 510 2506; x_wconf 80' lang='grc' dir='ltr'><strong><em>ἦρι</em></strong></span> <span class='ocrx_word' id='word_1_164' title='bbox 534 2412 707 2508; x_wconf 81' lang='grc' dir='ltr'><strong><em>άρχομίνφ</em></strong></span> <span class='ocrx_word' id='word_1_165' title='bbox 730 2414 898 2498; x_wconf 85' lang='grc' dir='ltr'><strong><em>ἐξελαύνει</em></strong></span> <span class='ocrx_word' id='word_1_166' title='bbox 918 2412 973 2502; x_wconf 83' lang='grc' dir='ltr'><strong><em>ἐφ’</em></strong></span> <span class='ocrx_word' id='word_1_167' title='bbox 995 2413 1147 2503; x_wconf 75' lang='grc' dir='ltr'><strong><em>Ἕλλη-3</em></strong></span> 
     </span>
     <span class='ocr_line' id='line_1_23' title="bbox 155 2516 1112 2606; baseline -0.003 -17"><span class='ocrx_word' id='word_1_168' title='bbox 155 2517 320 2606; x_wconf 88' lang='grc' dir='ltr'><strong><em>σπόυτου,</em></strong></span> <span class='ocrx_word' id='word_1_169' title='bbox 355 2517 396 2586; x_wconf 80' lang='grc' dir='ltr'><strong><em>τά</em></strong></span> <span class='ocrx_word' id='word_1_170' title='bbox 423 2517 487 2606; x_wconf 66' lang='grc' dir='ltr'><strong><em>μὲν</em></strong></span> <span class='ocrx_word' id='word_1_171' title='bbox 520 2516 603 2586; x_wconf 83' lang='grc' dir='ltr'><strong><em>κατά</em></strong></span> <span class='ocrx_word' id='word_1_172' title='bbox 634 2522 852 2588; x_wconf 87' lang='grc' dir='ltr'><strong><em>Μακεδονίαν</em></strong></span> <span class='ocrx_word' id='word_1_173' title='bbox 880 2542 917 2584; x_wconf 92' lang='grc' dir='ltr'><strong><em>τε</em></strong></span> <span class='ocrx_word' id='word_1_174' title='bbox 945 2516 1003 2584; x_wconf 81' lang='grc' dir='ltr'><strong><em>καὶ</em></strong></span> <span class='ocrx_word' id='word_1_175' title='bbox 1031 2516 1112 2596; x_wconf 81' lang='grc' dir='ltr'><strong><em>τούς</em></strong></span> 
     </span>
     <span class='ocr_line' id='line_1_24' title="bbox 147 2615 1111 2711; baseline 0.001 -24"><span class='ocrx_word' id='word_1_176' title='bbox 147 2617 311 2706; x_wconf 78' lang='grc' dir='ltr'><strong><em>Ἕλληνας</em></strong></span> <span class='ocrx_word' id='word_1_177' title='bbox 324 2616 529 2711; x_wconf 77' lang='grc' dir='ltr'><strong><em>Ἀντιπάτρῳ</em></strong></span> <span class='ocrx_word' id='word_1_178' title='bbox 549 2619 743 2706; x_wconf 77' lang='grc' dir='ltr'><strong><em>ἐπιτρέψας,</em></strong></span> <span class='ocrx_word' id='word_1_179' title='bbox 765 2615 867 2698; x_wconf 87' lang='grc' dir='ltr'><strong><em>αύτὸς</em></strong></span> <span class='ocrx_word' id='word_1_180' title='bbox 884 2616 923 2685; x_wconf 72' lang='grc' dir='ltr'><strong><em>δὲ</em></strong></span> <span class='ocrx_word' id='word_1_181' title='bbox 940 2615 1033 2705; x_wconf 78' lang='grc' dir='ltr'><strong><em>ἄγων</em></strong></span> <span class='ocrx_word' id='word_1_182' title='bbox 1051 2643 1111 2688; x_wconf 72' lang='grc' dir='ltr'><strong><em>πε·</em></strong></span> 
     </span>
     <span class='ocr_line' id='line_1_25' title="bbox 155 2715 1113 2812; baseline -0.001 -22"><span class='ocrx_word' id='word_1_183' title='bbox 155 2720 232 2806; x_wconf 80' lang='grc' dir='ltr'><strong><em>ζούς</em></strong></span> <span class='ocrx_word' id='word_1_184' title='bbox 244 2721 307 2810; x_wconf 69' lang='grc' dir='ltr'><strong><em>μὲν</em></strong></span> <span class='ocrx_word' id='word_1_185' title='bbox 316 2719 383 2790; x_wconf 87' lang='grc' dir='ltr'><strong><em>σύν</em></strong></span> <span class='ocrx_word' id='word_1_186' title='bbox 392 2728 503 2802; x_wconf 77' lang='grc' dir='ltr'><strong><em>ψιλοῖς</em></strong></span> <span class='ocrx_word' id='word_1_187' title='bbox 515 2746 552 2788; x_wconf 87' lang='grc' dir='ltr'><strong><em>τε</em></strong></span> <span class='ocrx_word' id='word_1_188' title='bbox 563 2719 621 2788; x_wconf 84' lang='grc' dir='ltr'><strong><em>καὶ</em></strong></span> <span class='ocrx_word' id='word_1_189' title='bbox 632 2717 780 2802; x_wconf 82' lang='grc' dir='ltr'><strong><em>τοξόταις</em></strong></span> <span class='ocrx_word' id='word_1_190' title='bbox 793 2715 834 2788; x_wconf 88' lang='grc' dir='ltr'><strong><em>ού</em></strong></span> <span class='ocrx_word' id='word_1_191' title='bbox 849 2725 962 2812; x_wconf 76' lang='grc' dir='ltr'><strong><em>πολλῶ</em></strong></span> <span class='ocrx_word' id='word_1_192' title='bbox 975 2726 1113 2801; x_wconf 89' lang='grc' dir='ltr'><strong><em>πλείους</em></strong></span> 
     </span>
     <span class='ocr_line' id='line_1_26' title="bbox 113 2817 1113 2911; baseline -0.003 -19"><span class='ocrx_word' id='word_1_193' title='bbox 113 2842 141 2884; x_wconf 76' lang='lat'><strong><em>2⁵</em></strong></span> <span class='ocrx_word' id='word_1_194' title='bbox 154 2828 225 2892; x_wconf 88' lang='grc' dir='ltr'><strong><em>τῶν</em></strong></span> <span class='ocrx_word' id='word_1_195' title='bbox 241 2828 466 2911; x_wconf 85' lang='grc' dir='ltr'><strong><em>τρισμυρίων,</em></strong></span> <span class='ocrx_word' id='word_1_196' title='bbox 494 2823 615 2901; x_wconf 84' lang='grc' dir='ltr'><strong><em>ίππέας</em></strong></span> <span class='ocrx_word' id='word_1_197' title='bbox 639 2821 677 2889; x_wconf 74' lang='grc' dir='ltr'><strong><em>δὲ</em></strong></span> <span class='ocrx_word' id='word_1_198' title='bbox 699 2819 788 2910; x_wconf 74' lang='grc' dir='ltr'><strong><em>ὑπὲρ</em></strong></span> <span class='ocrx_word' id='word_1_199' title='bbox 805 2817 884 2900; x_wconf 83' lang='grc' dir='ltr'><strong><em>τούς</em></strong></span> <span class='ocrx_word' id='word_1_200' title='bbox 902 2843 1113 2909; x_wconf 85' lang='grc' dir='ltr'><strong><em>πεντακισχι-</em></strong></span> 
     </span>
     <span class='ocr_line' id='line_1_27' title="bbox 155 2915 1114 3016; baseline -0.004 -22"><span class='ocrx_word' id='word_1_201' title='bbox 155 2930 261 3005; x_wconf 88' lang='grc' dir='ltr'><strong><em>λίους.</em></strong></span> <span class='ocrx_word' id='word_1_202' title='bbox 297 2917 342 3011; x_wconf 81' lang='grc' dir='ltr'><strong><em>ἦν</em></strong></span> <span class='ocrx_word' id='word_1_203' title='bbox 366 2923 404 2992; x_wconf 78' lang='grc' dir='ltr'><strong><em>δέ</em></strong></span> <span class='ocrx_word' id='word_1_204' title='bbox 427 2920 520 3016; x_wconf 76' lang='grc' dir='ltr'><strong><em>αύτῷ</em></strong></span> <span class='ocrx_word' id='word_1_205' title='bbox 544 2915 562 2992; x_wconf 89' lang='grc' dir='ltr'><strong><em>ό</em></strong></span> <span class='ocrx_word' id='word_1_206' title='bbox 582 2920 700 3003; x_wconf 88' lang='grc' dir='ltr'><strong><em>στόλος</em></strong></span> <span class='ocrx_word' id='word_1_207' title='bbox 718 2921 808 3011; x_wconf 86' lang='grc' dir='ltr'><strong><em>παρά</em></strong></span> <span class='ocrx_word' id='word_1_208' title='bbox 826 2921 888 3010; x_wconf 76' lang='grc' dir='ltr'><strong><em>τὴν</em></strong></span> <span class='ocrx_word' id='word_1_209' title='bbox 905 2929 1028 3011; x_wconf 91' lang='grc' dir='ltr'><strong><em>λίμνην</em></strong></span> <span class='ocrx_word' id='word_1_210' title='bbox 1051 2921 1114 3009; x_wconf 80' lang='grc' dir='ltr'><strong><em>τήν</em></strong></span> 
     </span>
     <span class='ocr_line' id='line_1_28' title="bbox 156 3018 1114 3115; baseline -0.003 -19"><span class='ocrx_word' id='word_1_211' title='bbox 156 3035 349 3115; x_wconf 84' lang='grc' dir='ltr'><strong><em>Κερκινῖτιν</em></strong></span> <span class='ocrx_word' id='word_1_212' title='bbox 372 3022 417 3105; x_wconf 87' lang='grc' dir='ltr'><strong><em>ῶς</em></strong></span> <span class='ocrx_word' id='word_1_213' title='bbox 442 3021 494 3092; x_wconf 83' lang='grc' dir='ltr'><strong><em>ἐπ’</em></strong></span> <span class='ocrx_word' id='word_1_214' title='bbox 522 3018 721 3113; x_wconf 88' lang='grc' dir='ltr'><strong><em>Ἀμφίπολιν</em></strong></span> <span class='ocrx_word' id='word_1_215' title='bbox 746 3025 803 3092; x_wconf 85' lang='grc' dir='ltr'><strong><em>καὶ</em></strong></span> <span class='ocrx_word' id='word_1_216' title='bbox 828 3030 890 3094; x_wconf 83' lang='grc' dir='ltr'><strong><em>τού</em></strong></span> <span class='ocrx_word' id='word_1_217' title='bbox 916 3022 1114 3111; x_wconf 75' lang='grc' dir='ltr'><strong><em>Στρυμόνος</em></strong></span> 
     </span>
     <span class='ocr_line' id='line_1_29' title="bbox 155 3123 1148 3216; baseline -0.006 -20"><span class='ocrx_word' id='word_1_218' title='bbox 155 3132 308 3216; x_wconf 76' lang='grc' dir='ltr'><strong><em>ποταμοῦ</em></strong></span> <span class='ocrx_word' id='word_1_219' title='bbox 338 3124 400 3206; x_wconf 83' lang='grc' dir='ltr'><strong><em>τάς</em></strong></span> <span class='ocrx_word' id='word_1_220' title='bbox 431 3124 579 3210; x_wconf 84' lang='grc' dir='ltr'><strong><em>ἐκβολάς.</em></strong></span> <span class='ocrx_word' id='word_1_221' title='bbox 624 3123 741 3212; x_wconf 86' lang='grc' dir='ltr'><strong><em>διαβάς</em></strong></span> <span class='ocrx_word' id='word_1_222' title='bbox 771 3124 809 3194; x_wconf 71' lang='grc' dir='ltr'><strong><em>δὲ</em></strong></span> <span class='ocrx_word' id='word_1_223' title='bbox 838 3123 899 3194; x_wconf 88' lang='grc' dir='ltr'><strong><em>τόν</em></strong></span> <span class='ocrx_word' id='word_1_224' title='bbox 929 3124 1148 3212; x_wconf 79' lang='grc' dir='ltr'><strong><em>Στρυμόναί,</em></strong></span> 
     </span>
     <span class='ocr_line' id='line_1_30' title="bbox 155 3221 1115 3318; baseline -0.004 -20"><span class='ocrx_word' id='word_1_225' title='bbox 155 3228 338 3318; x_wconf 80' lang='grc' dir='ltr'><strong><em>παρήμειβε</em></strong></span> <span class='ocrx_word' id='word_1_226' title='bbox 354 3226 392 3296; x_wconf 87' lang='grc' dir='ltr'><strong><em>τό</em></strong></span> <span class='ocrx_word' id='word_1_227' title='bbox 406 3226 582 3313; x_wconf 88' lang='grc' dir='ltr'><strong><em>Πάγγαιον</em></strong></span> <span class='ocrx_word' id='word_1_228' title='bbox 595 3224 673 3313; x_wconf 82' lang='grc' dir='ltr'><strong><em>ὅρος</em></strong></span> <span class='ocrx_word' id='word_1_229' title='bbox 685 3224 747 3313; x_wconf 82' lang='grc' dir='ltr'><strong><em>τὴν</em></strong></span> <span class='ocrx_word' id='word_1_230' title='bbox 766 3224 811 3306; x_wconf 83' lang='grc' dir='ltr'><strong><em>ῶς</em></strong></span> <span class='ocrx_word' id='word_1_231' title='bbox 830 3221 883 3294; x_wconf 83' lang='grc' dir='ltr'><strong><em>ἐπ’</em></strong></span> <span class='ocrx_word' id='word_1_232' title='bbox 893 3222 1043 3314; x_wconf 71' lang='grc' dir='ltr'><strong><em>’Ἄβδηρα</em></strong></span> <span class='ocrx_word' id='word_1_233' title='bbox 1058 3227 1115 3294; x_wconf 81' lang='grc' dir='ltr'><strong><em>καὶ</em></strong></span> 
     </span>
     <span class='ocr_line' id='line_1_31' title="bbox 116 3321 1112 3422; baseline -0.002 -24"><span class='ocrx_word' id='word_1_234' title='bbox 116 3357 142 3398; x_wconf 88' lang='grc' dir='ltr'><strong><em>εο</em></strong></span> <span class='ocrx_word' id='word_1_235' title='bbox 156 3329 374 3422; x_wconf 88' lang='grc' dir='ltr'><strong><em>Μαρῶνειαυ,</em></strong></span> <span class='ocrx_word' id='word_1_236' title='bbox 392 3327 503 3408; x_wconf 87' lang='grc' dir='ltr'><strong><em>πόλεις</em></strong></span> <span class='ocrx_word' id='word_1_237' title='bbox 513 3321 707 3415; x_wconf 75' lang='grc' dir='ltr'><strong><em>Ἑλληνίδας</em></strong></span> <span class='ocrx_word' id='word_1_238' title='bbox 725 3328 780 3396; x_wconf 81' lang='grc' dir='ltr'><strong><em>ἐπί</em></strong></span> <span class='ocrx_word' id='word_1_239' title='bbox 796 3326 952 3416; x_wconf 79' lang='grc' dir='ltr'><strong><em>θαλάσση</em></strong></span> <span class='ocrx_word' id='word_1_240' title='bbox 971 3324 1112 3419; x_wconf 71' lang='grc' dir='ltr'><strong><em>ηόκισμέ·</em></strong></span> 
     </span>
     <span class='ocr_line' id='line_1_32' title="bbox 156 3423 1115 3516; baseline -0.005 -14"><span class='ocrx_word' id='word_1_241' title='bbox 156 3460 226 3512; x_wconf 83' lang='grc' dir='ltr'><strong><em>νας.</em></strong></span> <span class='ocrx_word' id='word_1_242' title='bbox 259 3437 362 3501; x_wconf 80' lang='grc' dir='ltr'><strong><em>ἔνθεν</em></strong></span> <span class='ocrx_word' id='word_1_243' title='bbox 385 3429 423 3499; x_wconf 75' lang='grc' dir='ltr'><strong><em>δὲ</em></strong></span> <span class='ocrx_word' id='word_1_244' title='bbox 447 3429 502 3498; x_wconf 85' lang='grc' dir='ltr'><strong><em>ἐπί</em></strong></span> <span class='ocrx_word' id='word_1_245' title='bbox 524 3427 584 3498; x_wconf 85' lang='grc' dir='ltr'><strong><em>τόν</em></strong></span> <span class='ocrx_word' id='word_1_246' title='bbox 599 3429 721 3516; x_wconf 81' lang='grc' dir='ltr'><strong><em>Ἕβρου</em></strong></span> <span class='ocrx_word' id='word_1_247' title='bbox 745 3427 894 3516; x_wconf 85' lang='grc' dir='ltr'><strong><em>ποταμόν</em></strong></span> <span class='ocrx_word' id='word_1_248' title='bbox 911 3423 1115 3516; x_wconf 76' lang='grc' dir='ltr'><strong><em>ἀφικόμενος</em></strong></span> 
     </span>
     <span class='ocr_line' id='line_1_33' title="bbox 158 3525 1113 3620; baseline -0.005 -19"><span class='ocrx_word' id='word_1_249' title='bbox 158 3539 321 3620; x_wconf 88' lang='grc' dir='ltr'><strong><em>διαβαίνει</em></strong></span> <span class='ocrx_word' id='word_1_250' title='bbox 344 3529 478 3602; x_wconf 79' lang='grc' dir='ltr'><strong><em>καὶτὸν</em></strong></span> <span class='ocrx_word' id='word_1_251' title='bbox 496 3529 618 3619; x_wconf 81' lang='grc' dir='ltr'><strong><em>Ἕβρον</em></strong></span> <span class='ocrx_word' id='word_1_252' title='bbox 641 3525 798 3609; x_wconf 87' lang='grc' dir='ltr'><strong><em>εύπετῶς.</em></strong></span> <span class='ocrx_word' id='word_1_253' title='bbox 839 3532 971 3598; x_wconf 84' lang='grc' dir='ltr'><strong><em>ἐκεῖθεν</em></strong></span> <span class='ocrx_word' id='word_1_254' title='bbox 996 3527 1034 3596; x_wconf 69' lang='grc' dir='ltr'><strong><em>δὲ</em></strong></span> <span class='ocrx_word' id='word_1_255' title='bbox 1058 3527 1113 3596; x_wconf 80' lang='grc' dir='ltr'><strong><em>διά</em></strong></span> 
     </span>
    </p>
   </div>
   <div class='ocr_carea' id='block_1_3' title="bbox 0 0 1343 3948">
    <p class='ocr_par' dir='ltr' id='par_1_3' title="bbox 0 0 1343 3948">
     <span class='ocr_line' id='line_1_34' title="bbox 0 0 1343 3948; baseline 0 0"><span class='ocrx_word' id='word_1_256' title='bbox 0 0 1343 3948; x_wconf 95' lang='lat' dir='ltr'><strong><em> </em></strong></span> 
     </span>
    </p>
   </div>
  </div>
 </body>
</html>
