2678 3950
442 261 624 312 Λαιυιτιτ
642 265 668 326 ε,
686 265 728 314 τι.
1036 260 1101 325 235

140 417 250 511 τούτῳ
277 423 313 488 οἵ
335 445 371 488 τε
398 419 596 505 σαλπιγκταὶ
616 419 794 507 ἐσήμαινον
812 417 906 511 αὐτῷ
924 419 981 487 καὶ
999 417 1101 500 αὐτὸς

141 520 203 607 τὴν
218 519 375 608 στρατιάν
390 519 601 609 ὡπλισμένην
614 547 650 589 τε
663 520 720 589 καὶ
734 523 1003 608 συντεταγμένην
1018 527 1103 606 ἔχων

144 620 259 709 ε’χῶρει
277 623 331 689 ἐπὶ
357 623 438 701 τούς
464 623 666 711 βαρβάρους.
707 637 777 701 τοῖς
804 622 842 691 δὲ
868 627 907 690 αἳ
929 648 965 691 τε
983 621 1136 708 άμαξαι3

143 721 299 809 ἐμποδῶν
331 712 416 808 ἦσαν
448 725 506 791 καλ
532 721 550 791 ὁ
577 722 679 810 χάραξ
713 726 750 792 ἐν
782 725 872 816 μέσῳ
898 730 1104 812 καταβεβλη-

115 824 252 911 τμένος.
294 816 339 903 ῶς
366 823 404 892 δὲ
421 819 443 911 ἥ
463 850 499 892 τε
519 823 661 909 σάλπιγξ
682 824 868 912 ἐφθέγξατο
887 826 945 892 καὶ
965 829 1000 892 οί
1017 823 1106 911 άμφὶ

142 932 355 1012 Πτολεμαίου
374 926 587 1012 προσέκειντο
608 922 736 1013 αὐτοῖς,
755 926 833 1005 τοὺς
852 925 904 994 άελ
925 928 1106 994 ἐκπίπτον-

142 1051 201 1104 τας
228 1025 284 1095 διά
309 1031 379 1094 τῶν
413 1023 549 1115 άμαξῶν
575 1034 853 1113 κατακαίνοντες,
888 1029 1038 1096 ἐνταῦθα
1064 1024 1106 1111 δὴ

144 1125 414 1216 ἀποστρέφονται
440 1119 540 1208 αὖθις
570 1131 602 1208 ἐς
628 1125 689 1215 τὴν
709 1127 817 1196 πόλιν.
857 1127 913 1195 καλ
931 1123 1107 1196 άπέθανον

144 1225 262 1304 αὐτῶν
289 1231 326 1297 ἐν
350 1231 392 1318 τῇ
420 1227 629 1316 ἀποχωρήσει
657 1232 690 1308 ἐς
716 1235 966 1308 πεντακοσίους.

105 1353 131 1394 ιο
218 1328 274 1400 Ἐν
312 1330 422 1420 τούτῳ
457 1329 494 1399 δὲ
529 1332 586 1399 καὶ
620 1332 740 1418 Πῶρος
780 1329 930 1418 άφίκετο,
962 1327 1041 1410 τούς
1072 1339 1140 1398 τε4

144 1430 355 1511 ὑπολοίπους
382 1431 565 1518 ἐλέφαντας
584 1428 652 1520 άμα
671 1427 706 1500 οἷ
721 1429 816 1517 άγων
834 1431 890 1499 καὶ
907 1435 975 1498 τῶν
992 1429 1108 1499 Ἰνδῶν

147 1537 180 1613 ἐς
199 1538 502 1618 πεντακισχιλίους·
530 1538 569 1602 αί
583 1558 619 1601 τε
637 1535 783 1620 μηχαναὶ
795 1527 1003 1624 Ἀλεξάνδρῳ
1022 1533 1106 1618 ξυμ·

146 1633 352 1721 πεπηγμέναι
386 1625 472 1720 ἦσαν
503 1635 560 1702 καὶ
593 1634 801 1723 προσήγοντο
838 1631 901 1721 ἤδη
927 1637 974 1724 τῷ
999 1639 1106 1720 τείχει.

147 1733 232 1802 άλλδι
260 1739 295 1802 οί
311 1734 519 1820 Μακεδόνες,
547 1737 628 1821 πρὶν
646 1736 703 1804 καὶ
720 1739 985 1821 κατασεισθῆναί
999 1761 1030 1803 τι
1046 1735 1107 1802 τοῦ

109 1860 134 1900 15
147 1842 296 1923 τείχους,
334 1833 584 1922 άποράττουτές
609 1863 645 1905 τε
672 1834 770 1904 αὐτοὶ
797 1843 978 1905 πλίνθινον
1005 1830 1045 1903 δν
1070 1834 1108 1902 τδ

147 1952 256 2023 τεῖχος
270 1937 326 2004 καὶ
344 1935 404 2016 τάς
422 1944 585 2024 κλίμακας
604 1939 641 2006 έν
654 1937 768 2030 κύκλῳ
782 1936 889 2024 πάντη
903 1938 1109 2025 προσθέντες

148 2042 284 2126 αίροῦσι
309 2037 393 2106 κατά
419 2039 540 2126 κράτος
556 2038 619 2126 τὴν
637 2039 742 2107 πόλιν.
778 2039 835 2106 καὶ
853 2036 1109 2125 ἀποθνήσκουσι
1128 2045 1143 2093 5

148 2138 211 2227 μὲν
237 2141 275 2208 έν
299 2143 342 2228 τῇ
376 2139 559 2226 καταλήψει
584 2145 653 2208 τῶν
677 2139 795 2210 Ἰνδῶν
822 2143 855 2220 ές
881 2147 1026 2230 μυρίους
1051 2140 1109 2207 καὶ

150 2242 428 2326 ἑπτακισχιλίους,
449 2240 599 2310 ἑάλωσαν
616 2240 655 2310 δὲ
672 2239 760 2330 ὑπὲρ
774 2239 833 2320 τάς
849 2239 931 2309 ἑπτά
945 2241 1111 2328 μυριάδας

99 2367 136 2408 κο
149 2342 206 2410 καὶ
233 2339 363 2429 ἅρματα
389 2342 560 2429 τριακόσια
586 2345 644 2411 καὶ
663 2347 776 2420 ίππεῐς
798 2341 1017 2409 πεντακόσιοι.
1053 2345 1111 2427 τῆς

149 2442 187 2512 δὲ
214 2441 276 2522 ξδυ
301 2440 506 2535 Ἀλεξάνδρῳ
534 2449 688 2530 στρατιάς
716 2441 890 2511 ἀπέθανον
913 2441 976 2530 μὲν
994 2440 1111 2527 ὀλίγον

150 2543 350 2623 ἀποδέοντες
383 2546 452 2611 τῶν
489 2543 608 2613 ἑκατὸν
641 2547 679 2612 ἐν
710 2546 751 2631 τῇ
786 2543 877 2632 πάσῃ
913 2549 1107 2632 πολιορκία·

150 2649 349 2732 τραυματίαι
382 2642 420 2713 δὲ
451 2642 491 2713 οὐ
524 2645 608 2713 κατά
640 2643 679 2713 τδ
714 2648 842 2731 πλῆθος
876 2649 947 2712 τῶν
981 2646 1111 2731 νεκρῶν

153 2747 321 2834 ἐγένοντο,
348 2742 423 2813 ἀλλ’
451 2739 539 2833 ὑπὲρ
564 2745 645 2825 τούς
671 2753 800 2832 χιλίους
826 2745 882 2814 καὶ
905 2750 1111 2831 διακοσίους,

111 2849 208 2915 τεκαὶ
235 2848 272 2915 έν
297 2845 428 2926 τούτοις
453 2852 523 2914 τῶν
547 2839 724 2934 ἡγεμόνων
750 2845 843 2915 α”λλοι
867 2873 902 2915 τε
927 2847 984 2914 καὶ
1001 2853 1111 2916 Λυσί-

151 2975 255 3037 μαχος
283 2945 301 3014 ὁ
329 2947 582 3035 σωματοφύλαξ.

231 3047 349 3131 Θάψας
377 3049 415 3118 δὲ
441 3043 487 3129 ῶς
512 3049 615 3136 νόμος
641 3046 734 3118 αὕτη
752 3047 833 3128 τούς
850 3047 1145 3135 τελευτήσανταςσ

154 3147 291 3238 Εὐμένη
317 3148 377 3218 τδν
402 3152 597 3238 γραμματέα
617 3151 775 3238 ἐκπέμπει
793 3153 825 3230 ἐς
843 3148 902 3229 τάς
920 3150 984 3218 δάο
1002 3149 1113 3230 πόλεις

151 3251 211 3332 τάς
229 3252 490 3337 ξυναφεστώσας
507 3267 578 3330 τοῖς
595 3252 798 3338 Σαγγάλοις,
826 3249 909 3330 δυάς
935 3247 1029 3341 αὐτῷ
1044 3257 1113 3318 τῶν

113 3381 141 3422 το
155 3354 285 3422 ἱππέων
311 3355 345 3432 ές
369 3359 594 3441 τριακοσίους,
620 3352 796 3440 φράσοντα
821 3365 891 3432 τοϊς
917 3357 1030 3438 ἔχουσι
1054 3349 1113 3430 τάς

154 3454 265 3534 πόλεις
283 3456 352 3521 τῶν
369 3479 405 3522 τε
425 3453 615 3539 Σαγγάλων
632 3453 695 3540 τὴν
713 3451 838 3521 ἅλυσιν
856 3452 913 3520 καὶ
931 3450 980 3520 ὅτι
997 3449 1113 3529 αὐτοῖς

152 3552 256 3624 οὐδὲν
284 3561 374 3624 ἔσται
391 3555 538 3642 χαλεπὸν
558 3555 591 3636 ἐξ
607 3553 828 3644 Ἀλεξάνδρου
852 3551 1065 3641 ὑπομένουσί
1078 3577 1113 3620 τε
