2650 3948
491 253 676 306 ευεεεειε
693 254 724 319 ι,
742 254 784 306 ει.
1072 251 1113 318 47

142 398 208 479 τῆς
225 396 332 462 ίππου
349 386 504 482 ἄρχοντα.
543 383 586 480 ἦν
603 392 667 482 μέν
684 392 726 482 δὴ
745 391 763 463 ὁ
778 391 996 485 Ἀλέξανδρος
1014 384 1113 474 οὗτος

145 491 295 583 ἀδελφός
308 491 511 582 Ἡρομένους
533 520 571 563 τε
594 495 651 563 καὶ
665 493 865 585 Ἀρραβαίου
887 501 957 565 τῶν
975 498 1112 579 ξυνεπι-

146 594 324 683 λαβόντων
341 601 400 682 τῆς
413 600 544 683 σφαγῆς
556 600 614 684 τῆς
630 603 816 668 Φιλίππου·
843 597 900 666 καί
912 594 988 668 τότε
1001 602 1112 666 αἰτίαν
1129 609 1147 659 κ

147 695 272 786 σχόντα
299 693 406 766 αύτόν
427 693 642 783 Ἀλέξανδρος
666 693 815 786 ἀφῆκεν,
846 694 896 768 ὅτι
914 700 952 768 έν
969 697 1113 787 πρύτοις

116 822 184 867 ετε
202 796 343 886 ἀφίκετο
360 803 428 866 τάν
446 805 557 886 φίλων
576 793 658 888 παρ’
677 797 795 886 ούτόν,
815 798 928 887 ἐπειδὴ
947 807 1113 879 Φίλιππος

148 898 360 986 έτελεύτησε,
387 898 443 967 καὶ
460 897 520 969 τόν
537 899 679 986 θύρακα
698 899 797 982 ἐνδύς
815 900 1114 989 συνηκολούθησεν

148 997 245 1092 αύτῷ
263 1005 311 1081 είς
327 997 369 1069 τά
385 1007 554 1088 βασίλεια·
586 1000 730 1089 ὕστερον
748 1001 860 1071 δὲκαὶ
879 1005 917 1072 ἐν
933 1007 1011 1093 τιμῇ
1029 997 1111 1090 ἀμφ’

149 1099 258 1172 αύτόν
282 1099 365 1190 εἶχε,
393 1101 579 1192 στρατηγόν
600 1128 637 1172 τε
661 1103 716 1171 ἐπὶ
742 1102 877 1194 Θράκης
901 1110 1033 1184 στείλας
1056 1103 1113 1170 καὶ

150 1199 265 1290 ἐπειδὴ
284 1201 399 1283 Κάλας
416 1200 435 1274 ὁ
452 1209 522 1273 τῶν
540 1209 716 1274 Θετταλῶν
733 1208 897 1294 ἵππαρχος
916 1205 974 1274 έπί
988 1225 1113 1292 σατρα-

107 1330 136 1371 ιο
149 1310 231 1394 πείηι
245 1304 446 1393 ἐξεπέμφθη,
465 1302 571 1375 αύτόν
588 1303 761 1388 ἀπέδειξεν
778 1301 893 1394 ἀρχειν
905 1311 965 1392 τῆς
981 1315 1112 1376 Θεσσα-

149 1411 243 1494 λικῆς
260 1409 377 1476 ἵππου.
409 1403 451 1476 τά
469 1405 507 1476 δὲ
524 1411 584 1494 τῆς
603 1409 780 1494 ἐπιβουλῆς
800 1404 984 1494 ἐξηγγέλθη
998 1399 1073 1475 ὦδε.

227 1518 390 1597 Δαρεῖος,
430 1505 544 1594 ἐπειδὴ
572 1505 736 1596 Ἀμύντας
766 1505 998 1596 αύτομολησας
1029 1505 1146 1595 παρό

151 1605 257 1677 αύτδν
270 1607 392 1696 λόγους
404 1609 444 1678 τέ
457 1636 549 1690 τινας
565 1610 622 1678 καὶ
640 1609 815 1698 γράμματα
832 1607 922 1695 παρά
939 1613 1001 1678 τού
1016 1604 1112 1678 Ἀλε-

151 1709 297 1800 ξάνδρου
321 1708 444 1780 τούτου
463 1707 611 1798 ἐκόμισε,
637 1712 842 1799 καταπέμπει
859 1709 917 1782 ε’πὶ
933 1709 1112 1780 θάλασσαν

112 1835 139 1878 15
153 1817 314 1898 Σισίνην,
351 1807 460 1901 ἀνδρα
485 1812 623 1899 Πέρσην
654 1817 722 1880 τοῖν
745 1808 828 1900 ἀμφ’
856 1809 961 1882 αύτόν
984 1809 1113 1898 πιστόν,

152 1911 323 2000 πρόφασιν
338 1911 402 2001 μέν
418 1911 509 1999 παρά
523 1910 674 2000 Ἀτιζύην
690 1911 750 1982 τόν
765 1919 916 2000 Φρυγίας
930 1912 1114 2000 σατράπην,

151 2019 194 2104 τῇ
219 2013 257 2084 δὲ
281 2009 424 2106 ἀληθείᾳ
448 2020 495 2106 τῷ
519 2011 727 2107 Ἀλεξάνδρῳ
751 2014 861 2108 τούτῳ
886 2013 1114 2102 συνεσόμενον

152 2115 209 2184 καί
233 2121 357 2196 πίστεις
382 2114 553 2203 δύσοντα,
580 2121 613 2185 εί
635 2113 839 2186 ἀποκτείνειε
860 2116 999 2204 βασιλέα
1018 2113 1113 2186 Ἀλέ-

152 2218 314 2304 ξανδρον,
352 2214 459 2287 αύτόυ
488 2218 623 2304 βασιλέα
654 2215 872 2305 καταστήσειν
897 2221 1114 2296 Μακεδονίας

114 2319 210 2386 ιοκαὶ
241 2323 384 2408 χρυσίου
406 2317 552 2390 τάλαντα
578 2317 664 2406 πρός
689 2323 732 2408 τῇ
756 2323 909 2408 βασιλείᾳ
934 2314 1113 2388 ε’πιδιόσειν

152 2426 250 2508 χίλια.
282 2415 300 2489 ό
324 2419 363 2488 δὲ
381 2425 521 2507 Σισίνης
539 2417 643 2499 ἁλούς
659 2418 744 2508 πρὸς
761 2423 1001 2507 Παρμενίωνος
1024 2417 1113 2504 λέγει
1129 2433 1147 2483 λ

151 2520 236 2606 πρὸς
254 2528 480 2609 Παρμενίωνα
498 2513 547 2590 οἷν
571 2523 669 2590 ἕνεκα
693 2517 875 2607 ἀπεστάλη·
911 2518 968 2586 καί
990 2524 1113 2588 τούτου

153 2619 274 2691 αάτίκα
304 2619 342 2692 ἐν
371 2627 508 2712 φυλακῇ
540 2622 662 2710 πέμπει
686 2627 889 2711 Παρμενίων
912 2613 992 2708 παρ’
1018 2613 1113 2690 Ἀλέ-

153 2726 310 2810 ξανδρον,
328 2723 385 2792 καί
394 2721 603 2793 πυνθάνεται
616 2719 722 2792 ταύτά
735 2719 815 2812 παρ’
832 2717 939 2792 αύτοῦ
955 2717 1111 2803 Ἀλέξαν-

115 2851 140 2893 εε
153 2831 241 2914 δρας.
273 2823 476 2910 συναγαγοὶυ
494 2823 533 2893 δέ
548 2821 629 2905 τούς
647 2831 769 2913 φίλους
785 2822 914 2912 βουλὴν
935 2820 1114 2912 προύτίθει

152 2925 173 2996 ό
188 2953 219 2995 τι
235 2923 298 3014 χρὴ
315 2923 404 3014 ύπδρ
419 2919 639 3012 Ἀλεξάνδρου
656 2931 793 3012 γνῶναι.
828 2925 885 2994 καί
907 2922 1017 2994 ἐδόκει
1042 2937 1147 3004 vocs-5

153 3028 295 3116 ἑταίροις
319 3025 401 3115 μήτε
424 3025 527 3096 πάλαι
550 3018 589 3096 εύ
612 3032 860 3114 βεβουλεῦσθαι
881 3025 918 3096 τό
937 3024 1114 3114 κράτιστον

151 3133 212 3198 τού
246 3131 385 3198 ίππικού
417 3124 520 3217 ἀνδρί
552 3124 593 3196 ού
621 3133 726 3220 πιστῷ
753 3125 948 3216 ἐπιτρέψας,
986 3132 1053 3196 νύν
1077 3153 1113 3196 τε

152 3235 270 3318 χρῆναι
294 3225 399 3298 αύτόν
420 3227 504 3298 κατά
526 3227 625 3316 τάχος
649 3225 804 3300 ἐκποδών
828 3236 1007 3314 ποιεῖσθαι,
1032 3228 1114 3317 πρὶν

116 3331 208 3400 ιοκαὶ
237 3327 500 3417 ἐπιτηδειότερον
528 3328 711 3418 γενόμενον
739 3344 809 3410 τοῖς
839 3335 1017 3408 Θετταλοῖς
1050 3327 1112 3410 ξύν

152 3427 268 3513 αύτοϊς
284 3457 316 3500 τι
328 3436 529 3520 νεωτερίσαι.
556 3437 616 3499 καί
624 3458 656 3500 τι
668 3431 724 3498 καί
737 3441 834 3500 θείου
848 3426 962 3518 ἐφόβει
976 3426 1111 3507 αύτούς.
1129 3441 1146 3493 6

152 3539 199 3604 ἔτι
220 3531 286 3622 γάρ
309 3537 568 3622 πολιορκοῦντος
591 3527 698 3599 αύτού
717 3528 937 3620 Ἀλεξάνδρου
957 3521 1109 3618 Ἀλικαρ-
