2678 3950
457 246 641 298 ΑΝΑΒΑΣΙΣ
659 249 684 310 ε,
703 250 743 298 14.
763 249 802 299 ιι.
1046 243 1109 308 219
1196 321 1198 330 ¹

149 431 281 484 νοντας.
316 408 354 472 οἱ
377 402 415 472 δὲ
440 405 498 472 καὶ
524 403 634 492 μάχην
661 404 818 489 λέγουσιν
845 403 882 471 ἐν
907 405 949 492 τῇ
979 401 1143 490 ἐκβάσειι

150 507 308 592 γενέσθαι
333 507 402 572 τῶν
425 503 544 573 Ἰνδῶν
570 507 638 572 τῶν
656 505 719 585 ξὺν
737 506 784 594 τῷ
803 505 898 572 παιδὶ
915 507 962 596 τῷ
982 502 1108 591 Πιέρου

150 605 347 694 ἀφιγμένων
365 605 450 693 πρὸς
465 603 687 694 Ἀλέξανδρόν
704 631 740 674 τε
757 605 814 673 καὶ
832 603 913 683 τοδς
932 602 995 685 ξόν
1014 603 1108 695 αὐτῷ

152 710 283 787 ἱππέας.
309 708 366 776 καὶ
385 706 451 792 γὰρ
469 709 526 774 καὶ
545 705 726 793 ἀφικέσθαι
744 704 808 787 ξάν
825 713 950 792 μείζονι
970 705 1110 792 δυνάμει

4 833 12 858 ·
110 833 124 876 ε
149 808 209 877 τόν
227 808 354 896 Πιόρου
380 811 499 896 παῖδα,
525 809 582 876 καὶ
608 807 714 876 αὐτόν
735 834 771 876 τε
784 805 1004 894 Ἀλέξανδρον
1020 833 1109 894 τρω-

149 915 252 998 θῆναι
278 909 363 998 πρὸς
388 907 494 977 αὐτοῦ
518 909 652 977 καὶτὸν
671 913 776 978 ἵππον
795 905 902 976 αὐτοῦ
921 906 1109 977 ἀποθανεῖν

150 1010 211 1079 τόν
243 1010 485 1097 Βουκεφάλαν,
518 1017 680 1097 φίλτατον
703 1007 908 1101 Ἀλεξάνδρφ
943 1007 1024 1077 ὅντα
1050 1008 1110 1078 τόν

150 1118 269 1198 ἵππον,
296 1112 352 1180 καὶ
378 1114 500 1179 τοῦτον
525 1112 699 1200 τρωθέντα
724 1108 793 1178 ἀπὸ
820 1115 882 1178 τοῦ
910 1109 1031 1189 παιδὸς
1048 1111 1109 1178 τοῦ

151 1214 288 1300 Πάρου.
332 1210 418 1281 ἀλλά
438 1219 647 1300 Πτολεμαῖος
673 1210 691 1278 ὁ
716 1212 848 1298 Λάγου,
875 1209 941 1302 ὅτφ
968 1212 1025 1279 καὶ
1044 1209 1109 1297 ἐγὼ

113 1340 138 1379 ιο
151 1315 378 1402 ξυμφέρομαι,
413 1311 521 1392 άλλως
552 1314 649 1398 λέγει.
694 1313 928 1398 ἐκπεμφθῆναι
954 1310 1017 1399 μὲν
1043 1309 1144 1398 γάρσ

151 1414 213 1483 τόν
239 1419 346 1483 παῖδα
371 1411 440 1482 ἀπὸ
467 1417 526 1482 τοῦ
545 1413 671 1500 Πάρον
699 1414 788 1499 λέγει
812 1413 869 1480 καὶ
896 1403 1006 1498 οὗτος,
1034 1410 1109 1480 ἀλλ’

152 1515 215 1602 οάχ
234 1514 392 1600 ἑξήκοντα
409 1515 497 1601 μόνα
514 1512 646 1602 ἅρματα
664 1512 798 1599 άγοντα.
840 1511 920 1582 οὐδὲ
938 1511 1004 1600 γάρ
1022 1512 1112 1593 εἰκὸς

156 1621 278 1701 Πῶρον
304 1612 496 1682 ἀκοόσαντα
523 1617 654 1683 ἐκτῶν
681 1617 817 1683 σκοπῶν
843 1613 894 1682 ὅτι
911 1615 954 1700 δὴ
970 1609 991 1700 ἢ
1010 1610 1111 1690 αὐτὸς

148 1715 365 1804 Ἀλέξανδρος
383 1714 570 1804 διαβεβήκει
595 1719 656 1784 τοῦ
681 1715 848 1785 Ὑδάσπου
874 1714 935 1783 τόν
961 1711 1111 1803 πόρονῆ

4 1859 6 1864 ·
114 1819 253 1907 ιεμέρος
279 1817 321 1903 γέ
343 1845 374 1884 τι
401 1820 460 1902 τῆς
494 1819 666 1905 στρατιᾶς,
703 1815 770 1885 σάν
805 1815 962 1904 ἑξήκοντα
989 1813 1112 1904 ἀρμασι

153 1918 268 2008 μόνοις
296 1918 461 2006 ἐκπέμψαι
485 1916 547 1985 τόν
573 1916 680 1986 αότοῦ
708 1921 830 1986 παῖδα·
875 1913 897 1984 ἀ
924 1915 967 2004 δὴ
986 1915 1031 1996 ὡς
1049 1915 1145 2003 μὲνο

154 2022 209 2090 ἐπὶ
246 2019 460 2106 κατασκοπὴν
496 2019 730 2106 ἐκπεμπόμενα
764 2019 873 2086 πολλά
903 2045 939 2087 τε
964 2019 1021 2086 καὶ
1048 2015 1112 2086 οὐκ

153 2119 279 2204 εὔζωνα
307 2123 341 2200 ἐς
357 2119 419 2207 την
437 2118 651 2207 ἀποχώρησιν
667 2111 726 2206 ἦν·
762 2118 807 2199 οἱς
825 2118 863 2188 δὲ
881 2127 930 2198 εἰς
948 2117 986 2187 τό
1006 2117 1116 2207 εἶρξαί

152 2249 189 2290 τε
205 2220 286 2301 τούς
313 2219 408 2290 οὔπω
434 2219 661 2308 πεπερακότας
687 2225 757 2289 τῶν
781 2228 950 2307 πολεμίων
967 2222 1113 2300 καὶτοῖς

114 2348 141 2388 ιο
153 2321 217 2410 ἤδη
237 2321 450 2412 ἐκβεβηκόσιν
470 2323 658 2408 ἐπιθέσθαι,
685 2319 1006 2408 οὐδαμῆ-ἀξιόμαχα.
1026 2319 1111 2389 ἀλλά

154 2429 336 2510 δισχιλίους
362 2423 426 2511 γάρ
453 2425 540 2508 λέγει
568 2424 688 2502 ἱππέας
706 2421 832 2507 ἀγοντα
850 2419 1032 2508 ἀφικέσθαι
1049 2424 1110 2490 τοῦ

154 2525 281 2611 Πάρου
307 2525 368 2592 τὸν
395 2529 513 2610 παῖδα,
540 2522 671 2610 ἅρματα
697 2523 736 2591 δέ
764 2522 883 2591 έκατδν
908 2524 966 2590 καὶ
993 2533 1112 2592 εἴκοσι·

154 2625 286 2716 φθάσαι
311 2624 349 2694 δδ
375 2623 566 2712 περάσαντα
581 2623 800 2713 Ἀλέξανδρον
826 2624 883 2691 καὶ
908 2623 969 2692 τόν
996 2625 1032 2692 ἐκ
1053 2627 1113 2710 τῆς

153 2726 261 2814 νήσου
287 2724 349 2794 τόν
373 2734 566 2794 τελευταῖον
592 2723 710 2811 πόρον.

115 2855 141 2896 ει
230 2827 299 2896 Καὶ
327 2819 385 2896 ἐπὶ
405 2826 547 2904 τούτους
564 2823 605 2893 τά
623 2824 686 2912 μὶν
704 2830 821 2915 πρῶτα
839 2825 1003 2912 ἐκπέμψαι
1017 2822 1113 2894 Ἀλέ-
1125 2843 1163 2908 15

154 2929 299 3015 ξανδρον
325 2929 383 2997 καὶ
410 2918 509 3006 οὗτος
536 2927 623 3013 λέγει
639 2927 720 3005 τοὺς
747 2926 979 3014 ἱπποτοξότας,
1007 2923 1113 2994 αάτδν

155 3025 188 3096 δ’
223 3027 315 3114 άγειν
346 3026 427 3108 τούς
462 3028 597 3107 ἱππέας·
652 3027 833 3116 προσάγειν
865 3026 931 3115 γάρ
958 3029 1114 3114 οἰηθῆναι
1175 3071 1181 3085 ·

156 3135 280 3218 Πῶρον
298 3128 361 3210 ξδυ
379 3135 419 3218 τῇ
439 3128 530 3216 πάση
549 3127 704 3216 δυνάμει·
731 3127 793 3216 τὴν
811 3126 849 3198 δέ
867 3133 973 3197 ἵππον
985 3129 1113 3216 ταύτην

156 3232 426 3318 προτεταγμένην
459 3227 552 3320 αὐτῷ
585 3229 790 3317 πορεύεσθαι
821 3229 886 3318 πρὸ
913 3232 974 3298 τοῦ
1007 3227 1112 3298 ἀλλον

116 3355 143 3396 εο
156 3335 310 3418 στρατοῦ.
355 3325 400 3411 οδς
427 3330 465 3399 δέ
491 3331 680 3418 κατέμαθεν
706 3327 853 3417 ἀτρεκῶς
869 3329 908 3398 νδ
926 3332 1056 3416 πλῆθος
1073 3329 1112 3398 οδ
1131 3360 1147 3410 2

157 3434 226 3498 τῶν
249 3431 385 3516 Ἰνδῶν,
419 3434 569 3500 ἐνταῦθα
602 3430 644 3518 δη
671 3428 773 3512 ὀξέως
801 3434 970 3501 ἐπιπεσεῖν
996 3429 1113 3510 αὐτοῖς

157 3531 220 3611 ξδν
245 3535 286 3620 τῇ
313 3530 398 3619 ἀμφ’
427 3529 533 3599 αὑτὸν
560 3535 669 3626 ἱππφ·
712 3530 794 3612 τούς
820 3531 858 3601 δέ
877 3536 1039 3619 ἐγκλῖναι,
1066 3530 1112 3612 οἱς
