2664 3946
219 188 264 256 84
571 193 822 250 ΑΛΕΞΑΝΔΡΟΤ

217 359 312 400 ονται
341 329 418 402 οὔτε
454 336 491 402 οί
516 334 624 423 ἐρέται
654 332 732 404 οὔτε
768 338 805 402 οί
833 332 985 422 ἐπιβάται
1022 339 1177 413 Φοίνικες

149 499 152 502 ,
219 433 388 522 ἐχομένων
406 442 502 522 σφίσι
518 437 587 504 τῶν
601 433 732 504 πόλεων
745 433 843 504 αότοὶ
856 433 944 523 άπέρ
962 432 1075 504 άλλων
1093 437 1177 502 πλέ-

219 561 312 616 οντες
322 535 547 606 κινδυνεύειν·
562 535 702 624 Κάπρος
712 535 750 606 δὲ
765 537 821 606 ἐπὶ
833 539 921 628 τῷδε
933 531 954 622 ἢ
968 534 1009 604 οά
1024 539 1177 623 χαλεπῶς

217 635 300 725 ἡμῖν
309 633 570 727 προσχωρήσειῆ
586 637 619 719 ἐξ
634 641 778 707 ἐπίπλου
791 635 946 726 εάμαρῶς
960 637 1175 726 ληφθήσεται.

185 755 203 805 4
221 739 278 807 καὶ
296 753 371 818 ταῖς
387 765 423 808 τε
446 740 484 808 ἐκ
501 743 718 820 Μακεδονίας
739 741 843 808 ναυσί
866 739 924 808 καί
941 755 1015 820 ταῖς
1034 747 1176 809 Φοινίσ·
1201 769 1214 810 ε

219 857 292 919 σαις
324 838 497 909 πλεόντων
526 839 622 928 ἡμῶν
650 839 713 927 τὴν
736 839 914 910 θάλασσαν
942 841 999 908 καί
1030 841 1176 930 Κάπρου

218 938 288 1028 ἅμα
301 941 567 1030 προσγενομένης
580 943 915 1030 θαλασσοκρατοῖμέν
928 968 964 1010 τε
977 936 1020 1009 άν
1033 949 1177 1030 βεβαίοις

218 1043 277 1110 καὶ
302 1041 320 1110 ό
346 1045 379 1122 ἐς
399 1052 575 1129 Αίγυπτον
592 1042 710 1122 στόλος
734 1041 889 1130 εὐμαρῶς
905 1040 989 1130 ἡμῖν
1008 1046 1045 1112 ἐν
1062 1043 1175 1134 ταύτῷ

219 1150 378 1231 γίγνεται.
420 1153 599 1231 Αίγνπτον
629 1143 668 1213 δέ
692 1143 1000 1233 παραστησαμένοις
1029 1143 1118 1231 ῶπέρ
1141 1170 1178 1213 τε

219 1246 279 1331 τῆς
300 1243 457 1326 Ἑλλάδος
486 1246 543 1313 καὶ
573 1247 631 1332 τῆς
655 1251 782 1325 οἰκείας
812 1243 915 1314 οὐδέν
946 1252 993 1314 ἔτι
1021 1242 1176 1314 ῶποπτον
1189 1275 1215 1314 ιο

219 1344 453 1434 ὑπολείπεται,
484 1347 546 1414 τόν
567 1372 603 1415 τε
627 1347 683 1414 ἐπὶ
709 1348 916 1434 Βαβυλῶνος
941 1345 1066 1416 στόλον
1095 1346 1176 1434 μετά

220 1451 282 1516 τοῶ
298 1447 380 1527 έςτά
396 1457 482 1516 οἶκοι
494 1445 670 1534 ἀσφαλοῦς
684 1449 741 1516 καὶ
755 1447 819 1529 ξῶν
832 1455 955 1534 μείζονι
967 1445 1035 1535 άμα
1046 1446 1178 1530 άξιοόσει

221 1549 428 1637 ποιησόμεθα
441 1546 703 1636 ἀποτετμημένοι
714 1549 777 1635 τήν
793 1575 829 1618 τε
845 1549 1023 1618 θάλασσαν
1035 1552 1178 1639 Περσῶν

221 1649 401 1736 ξύμπασαν
418 1651 476 1718 καὶ
493 1649 555 1736 τὴν
575 1651 629 1726 ἐπὶ
646 1649 727 1720 τάδε
742 1653 804 1719 τοῶ
823 1648 1009 1740 Εὐφράτου
1027 1652 1101 1736 γῆν.

173 1759 212 1826 18
303 1754 416 1820 Ταῦτα
433 1752 542 1838 λέγων
559 1749 601 1820 οά
619 1754 771 1838 χαλεπῶς
790 1757 922 1821 ἔπειθεν
939 1748 1116 1841 ἐπιχειρεῖν
1132 1755 1175 1840 τῇ
1190 1779 1216 1820 ιι
1308 1761 1309 1844 η

227 1850 344 1944 Ῥόρςο·
362 1859 424 1920 καί
437 1878 469 1920 τι
485 1853 543 1920 καί
560 1863 658 1922 θεῖον
676 1851 854 1922 ἀνέπειθεν
871 1851 997 1941 αὐτόν,
1020 1850 1071 1920 ότι
1093 1851 1177 1922 ένό·
1308 1845 1309 1868 ’

222 1976 322 2021 πνιον
348 1951 453 2039 αὐτῆς
478 1951 608 2041 ἐκείνης
624 1954 684 2039 τῆς
708 1954 832 2033 νυκτὸς
857 1952 965 2024 ἐδόκει
988 1951 1091 2034 αὐτὸς
1114 1953 1177 2042 μέν

221 2055 269 2142 τῷ
292 2061 392 2140 τείχει
414 2053 597 2144 προσάγειν
612 2057 682 2123 τῶν
705 2062 859 2144 Τυρίων,
880 2055 941 2124 τὸν
958 2054 997 2124 δέ
1013 2054 1177 2146 Ἡρακλέα

221 2157 420 2236 δεξιοῦσθαί
433 2181 469 2224 τε
486 2153 595 2224 αάτδν
618 2156 675 2224 καί
693 2153 830 2243 άνάγειν
849 2155 883 2236 ἐς
900 2155 964 2242 τὴν
987 2155 1095 2226 πόλιν.
1120 2159 1178 2226 καί

221 2259 323 2326 τοῦτο
346 2254 495 2345 ἐξηγεῖτο
508 2255 745 2346 Ἀρίστανδρος
769 2255 815 2336 ῶς
839 2257 903 2338 ζῶν
927 2256 1022 2349 πόνῳ
1045 2257 1177 2328 άλωσο-
1190 2285 1217 2325 εο

150 2403 151 2406 =
222 2358 328 2448 μένην
344 2357 407 2446 τὴν
431 2358 562 2446 Τύρον,
586 2355 636 2426 ὅτι
658 2359 715 2426 καί
733 2359 773 2425 τά
797 2361 858 2427 τοῶ
875 2357 1078 2447 Ἡρακλέους
1096 2366 1178 2451 ἔργα

222 2460 285 2542 ξῶν
315 2459 412 2552 πόνῳ
443 2457 584 2546 ἐγένετο.
621 2460 678 2528 καί
708 2460 774 2547 γάρ
800 2460 857 2528 καὶ
883 2459 969 2547 μέγα
996 2467 1095 2549 ἔργον
1120 2465 1179 2549 τῆς

188 2571 206 2622 2
230 2559 344 2648 Τύρον
357 2559 378 2648 ἡ
393 2569 570 2651 πολιορκία
584 2558 750 2646 έφαίνετο.
781 2561 886 2648 νῆσός
899 2587 935 2630 τε
948 2560 1014 2650 γάρ
1027 2560 1145 2643 αὐτοῖς
1158 2560 1180 2650 ἡ

223 2661 321 2742 πόλις
338 2652 381 2748 ἦν
399 2663 455 2731 καί
473 2669 617 2748 τείχεσιν
634 2660 781 2750 ὑψηλοῖς
798 2662 907 2751 πάντη
927 2660 1104 2749 ῶχάρωτο·
1122 2665 1180 2736 καί

222 2764 263 2832 τά
289 2761 358 2831 άπὸ
382 2763 557 2850 θαλάσσης
580 2761 664 2850 πρὸς
689 2765 758 2830 τῶν
788 2772 924 2855 Τυρίαν
941 2763 1070 2852 μᾶλλόν
1086 2789 1118 2832 τι
1141 2763 1219 2834 zm

222 2869 270 2957 τῶ
287 2862 363 2934 τότε
380 2861 556 2951 ἐφαίνετο,
574 2865 643 2932 τῶν
659 2889 695 2938 τε
713 2867 854 2953 Περσῶν
879 2871 926 2936 ἔτι
941 2873 1180 2955 θαλασσοκρα-

222 2965 376 3035 τοόντῶν
399 2967 457 3034 καὶ
483 2962 602 3044 αὐτοῖς
623 2979 696 3046 τοῖς
720 2974 855 3056 Τυρίοις
871 2969 959 3036 νεῶν
980 2973 1028 3035 ἔτι
1044 2973 1181 3038 πολλῶν

223 3069 420 3158 περιουσῶν.
1096 3077 1101 3088 “

189 3179 206 3228 3
295 3166 353 3248 Ὡς
371 3166 408 3238 δὲ
422 3169 529 3237 ταῦτα
543 3165 631 3255 ὅμως
646 3165 817 3256 ἐκράτησε,
835 3170 931 3257 χῶμα
945 3175 1033 3256 ἔγνω
1045 3170 1181 3258 χωννύ-

222 3298 280 3339 ναι
309 3268 346 3338 έκ
376 3272 435 3356 τῆς
464 3267 606 3357 ἠπείρου
638 3266 684 3348 ῶς
715 3267 771 3337 ἐπὶ
800 3269 862 3355 τὴν
893 3271 1003 3340 πόλιν.
1045 3279 1114 3341 ἔστι
1143 3271 1220 3342 δδεο

224 3369 378 3460 πορθμὸς
395 3369 586 3459 τεναγῶδης
602 3369 641 3439 τό
659 3377 801 3459 χωρίον·
819 3373 877 3440 καὶ
895 3373 935 3441 τά
955 3371 1018 3461 μέν
1036 3373 1121 3462 πρὸς
1138 3375 1180 3462 τῇ
1308 3383 1309 3452 η

224 3471 353 3567 ἠπείρῳ
376 3475 435 3560 τῆς
457 3472 632 3561 θαλάσσης
662 3471 789 3560 βραχέα
813 3475 870 3542 καὶ
897 3474 1034 3564 πηλῶδη
1059 3474 1182 3559 αὐτοῦ,
1308 3465 1309 3472 ¹
