2650 3948
222 235 265 303 58
575 230 825 294 ιιυσιαιεοτ

228 376 440 466 Τελμισσέων
458 379 608 466 ἐντυχεῖν
626 379 784 470 παρθένμ
793 374 1005 466 ὑδρευομένῃ
1023 375 1080 444 καὶ
1098 371 1182 464 πρός

222 479 349 567 ταύτην
372 485 479 548 εἰπεῖν
502 475 592 560 ὅπως
615 483 651 548 οί
670 478 707 547 τὸ
725 483 787 548 τοῦ
805 475 906 547 ἀετοῦ
925 483 1016 566 ἔσχε·
1051 475 1113 565 την
1131 476 1180 564 δέ,

223 579 310 651 εἶναι
340 579 405 668 γοὶρ
432 581 488 650 καὶ
512 579 619 668 αὐτὴν
643 586 704 649 τοῦ
728 585 889 668 μαντικοῦ
912 580 1051 666 γένους,
1082 577 1181 647 θύειν

221 687 377 751 κελεῦσαι
399 687 446 774 τῷ
471 681 529 753 Διὶ
552 687 598 774 τῷ
621 688 767 768 βασιλεῖ,
799 679 1028 750 ἐπανελθόντα
1052 685 1100 760 είς
1121 678 1181 748 τόν

222 783 327 853 τόπον
357 779 470 852 αύτόυ.
517 783 574 851 καί
605 787 768 870 δεηθῆναι
796 781 861 871 γδρ
891 779 995 869 αὐτῆς
1026 781 1220 868 Γόρδιου,ε

222 883 285 970 τὴν
308 891 438 955 θυσίαν
464 887 751 971 ξυνεπισπομένην
769 887 804 952 οί
819 880 926 971 αὐτὴν
945 882 1180 970 ἐξηγήσασθαι,

222 991 331 1054 θῦσαί
357 1012 393 1055 τε
421 984 511 1066 ὅπως
537 988 647 1072 ἐκείνη
670 983 849 1054 ὑπετίθετο
873 983 933 1054 τόν
958 981 1102 1073 Γόρδιον
1124 983 1181 1052 καί

223 1087 443 1174 ξυγγενέσθαι
461 1087 516 1156 ἐπὶ
532 1086 628 1180 γάμῳ
646 1093 687 1176 τῇ
706 1086 798 1155 παιδὶ
815 1086 872 1154 καί
888 1085 1046 1172 γενέσθαι
1063 1079 1182 1154 αῦτοίν

189 1201 207 1253 5
224 1194 328 1257 παῖδα
342 1194 459 1259 Μίδαν
477 1187 593 1278 ὄνομα.
625 1187 691 1276 ἤδη
708 1215 743 1256 τε
760 1185 869 1274 ἄνδρα
887 1185 973 1256 εἶναι
988 1185 1048 1256 τόν
1062 1190 1181 1257 Μίδαν

223 1289 328 1359 καλόν
350 1290 406 1359 καί
429 1305 590 1377 γενναῖον
612 1290 667 1357 καὶ
692 1287 859 1380 ἐντούτῳ
884 1287 998 1358 στάσει
1015 1287 1181 1370 πιέζεσθαι
1193 1311 1220 1354 ιο

224 1393 260 1459 ἐν
278 1397 373 1480 σφίσι
389 1390 468 1472 τούς
484 1391 632 1481 Φρύγας,
650 1391 706 1458 καὶ
724 1390 882 1476 γενέσθαι
899 1386 1013 1469 αύτοίς
1031 1386 1182 1478 χρησμόν

223 1491 273 1561 ὅτι
297 1492 405 1580 ἅμαξα
429 1491 499 1574 ἄξει
523 1489 636 1571 αύτοίς
654 1491 792 1579 βασιλέα
808 1491 865 1559 καὶ
882 1489 933 1560 ὅτι
950 1483 1048 1570 οῦτος
1065 1488 1181 1570 αύτοίς

222 1593 427 1662 καταπαύσει
448 1591 511 1680 τὴν
535 1591 660 1662 στάσιν.
699 1598 746 1662 ἐτι
770 1591 809 1662 δέ
826 1593 903 1681 περὶ
921 1587 1034 1660 αύτῦν
1051 1591 1182 1661 τούτων

221 1695 476 1782 βουλευομένοις
496 1695 610 1762 ἐλθεῖν
627 1693 686 1763 τόν
701 1699 818 1765 Μίδαν
836 1691 923 1782 ὁμοῦ
940 1695 988 1786 τῷ
1005 1693 1106 1782 πατρὶ
1124 1692 1181 1761 καὶ

222 1801 266 1886 τῇ
294 1796 393 1883 μητρὶ
422 1795 479 1864 καὶ
510 1797 681 1882 ἐπιστῆναι
703 1802 745 1886 τῇ
769 1799 926 1886 ἐκκλησία
949 1791 1035 1884 αύτῄ
1056 1793 1178 1884 ἁμάξῃ.
1193 1817 1219 1860 ιο

188 1895 302 1976 στοῦς
330 1897 385 1983 δέ,
416 1896 644 1985 ξυμβαλόντας
668 1895 705 1966 τό
724 1911 881 1985 μαντεῖον
904 1901 1027 1965 τοῦτον
1050 1899 1180 1965 ἐκεῖνον

222 2001 349 2084 γνῶναι
372 1995 454 2068 όντα
477 1997 591 2068 ὅντινα
615 1995 631 2066 ὁ
656 1996 735 2078 θεὸς
754 1994 870 2078 αύτοίς
887 2004 1027 2088 ἔφραζεν
1044 1995 1094 2066 ὅτι
1111 1995 1180 2079 ἄξει

222 2097 243 2187 ἡ
267 2096 387 2186 ἅμαξα·
427 2099 485 2168 καὶ
507 2104 707 2185 καταστῆσαι
728 2098 791 2187 μὲν
815 2097 938 2180 αύτούς
961 2099 1097 2185 βασιλέα
1119 2097 1180 2168 τόν

223 2205 358 2288 Μίδαν,
389 2205 508 2272 Μίδαν
537 2199 575 2269 δέ
600 2196 713 2279 αῦτοίς
736 2198 798 2288 τὴν
820 2199 936 2270 στύσιν
958 2201 1178 2287 καταπαῦσαι,

221 2301 357 2389 κοίτην
375 2299 504 2388 ἅμαξαν
526 2305 589 2370 τοῦ
612 2299 737 2388 πατρός
763 2303 800 2371 ἐν
822 2307 864 2392 τῇ
888 2299 976 2393 ῦκρᾳ
1000 2299 1217 2370 ύυαθεῑναιεο

200 2402 415 2492 ,χαριστήρια
443 2407 490 2494 τῷ
515 2402 575 2474 Διί
599 2407 645 2493 τῷ
675 2409 806 2488 βασιλεῖ
833 2401 887 2471 ἐπὶ
916 2408 977 2472 τοῦ
1007 2400 1106 2472 όετοῦ
1136 2408 1178 2494 τῇ

221 2509 348 2594 πομπῇ.
375 2501 459 2592 πρός
474 2503 512 2572 δὲ
525 2501 567 2590 δὴ
580 2502 709 2584 τούτοις
722 2503 778 2570 καὶ
791 2503 867 2572 τόδε
885 2504 961 2593 περὶ
978 2509 1037 2592 τῆς
1055 2502 1179 2592 ἆμόξης

222 2604 424 2692 ἐμυθεύετο,
452 2603 541 2684 ὅστις
567 2604 675 2673 λύσειε
697 2609 758 2672 τοῦ
782 2609 885 2690 ζυγοῦ
903 2610 961 2692 τῆς
979 2599 1103 2694 ἆμύξης
1120 2605 1181 2675 τόν

186 2718 204 2772 λ
223 2704 365 2794 δεσμόν,
391 2710 512 2775 τούτου
535 2710 655 2792 χρῆναι
678 2703 773 2792 ῦρξαι
794 2711 853 2794 τῆς
873 2703 994 2788 Ἀσίας.
1030 2696 1074 2794 ηὐ
1098 2705 1135 2775 δέ
1159 2699 1178 2775 ό

222 2805 343 2894 δεσμὸς
374 2809 410 2876 ἐκ
438 2812 557 2894 φλοιοῦ
581 2813 737 2895 κρανείας
760 2807 817 2876 καὶ
839 2806 961 2877 τούτου
986 2805 1065 2877 ούτε
1087 2808 1179 2888 τέλος
1191 2832 1218 2873 ει

220 2905 300 2976 οὔτε
318 2904 403 2996 ἀρχὴ
422 2909 584 2995 ἐφαίνετο.
614 2902 830 2998 Ἀλέξανδρος
848 2907 885 2977 δέ
904 2907 949 2989 ῦς
967 2907 1099 2998 ἀπόρως
1117 2908 1179 2996 μέν

220 3007 311 3096 εἶχεν
329 3011 477 3098 ἐξευρεῖν
491 3007 589 3078 λύσιν
602 3015 663 3078 τοῦ
677 3015 814 3098 δεσμοῦ,
832 3005 956 3079 ῦλντον
969 3009 1007 3079 δέ
1020 3015 1180 3099 περιιδεῖν

220 3103 285 3178 οῦκ
299 3107 414 3198 ἤθελε,
431 3109 564 3198 μήτινα
577 3111 633 3178 καὶ
650 3117 750 3180 τοῦτο
770 3113 803 3191 ἐς
820 3108 899 3191 τοῦς
917 3109 1063 3191 πολλούς
1082 3120 1179 3198 κίνη·

221 3231 275 3280 σιν
293 3210 486 3299 ἐργάσηται,
515 3215 552 3281 οί
565 3210 629 3300 μὲν
646 3214 803 3298 λέγουσιν
820 3211 871 3282 ὅτι
888 3220 1010 3292 παίσας
1027 3217 1073 3305 τῷ
1092 3215 1180 3299 ξίφει

221 3311 355 3394 διέκοψε
368 3312 429 3381 τόν
443 3311 568 3402 δεσμόν
581 3313 637 3380 καὶ
651 3314 812 3382 λελύσθαι
826 3319 904 3401 ἔφη·
929 3311 1180 3402 Ἀριστόβουλος
1192 3341 1219 3383 το

221 3413 259 3481 δέ
273 3415 359 3500 λέγει
373 3413 524 3496 ἐξελόντα
537 3413 596 3484 τόν
610 3417 729 3503 ἕστορα
741 3419 803 3483 τοῦ
822 3417 945 3504 ῥυμοῦ,
963 3411 1001 3495 ῦς
1018 3407 1063 3502 ἦν
1079 3415 1180 3496 τύλος

221 3516 477 3605 διαβεβλημένος
496 3511 548 3584 διό
567 3521 628 3584 τοῦ
646 3519 758 3606 ῥυμοῦ
776 3515 934 3604 διαμπάξ,
953 3517 1102 3605 ξυνέχων
1119 3515 1181 3589 τόν
