<?xml version="1.0" encoding="UTF-8"?>
<!DOCTYPE html PUBLIC "-//W3C//DTD XHTML 1.0 Transitional//EN"
    "http://www.w3.org/TR/xhtml1/DTD/xhtml1-transitional.dtd">
<html xmlns="http://www.w3.org/1999/xhtml" xml:lang="en" lang="en">
 <head>
  <title>
</title>
<meta http-equiv="Content-Type" content="text/html;charset=utf-8" />
  <meta name='ocr-system' content='tesseract 3.04.00' />
  <meta name='ocr-capabilities' content='ocr_page ocr_carea ocr_par ocr_line ocrx_word'/>
</head>
<body>
  <div class='ocr_page' id='page_1' title='image "./arrianianabasis00abicgoog_0174.png"; bbox 0 0 2664 3946; ppageno 0'>
   <div class='ocr_carea' id='block_1_1' title="bbox 480 225 1105 290">
    <p class='ocr_par' dir='ltr' id='par_1_1' title="bbox 480 225 1105 290">
     <span class='ocr_line' id='line_1_1' title="bbox 480 225 1105 290; baseline 0.021 -14"><span class='ocrx_word' id='word_1_1' title='bbox 480 226 664 278; x_wconf 72' lang='grc' dir='ltr'><strong>ΑΝΑΒΑΣΙΣ</strong></span> <span class='ocrx_word' id='word_1_2' title='bbox 682 231 711 290; x_wconf 83' lang='lat'><strong><em>3,</em></strong></span> <span class='ocrx_word' id='word_1_3' title='bbox 729 229 770 282; x_wconf 78' lang='grc' dir='ltr'><strong><em>κο.</em></strong></span> <span class='ocrx_word' id='word_1_4' title='bbox 1044 225 1105 288; x_wconf 86' lang='grc'><strong><em>143</em></strong></span> 
     </span>
    </p>
   </div>
   <div class='ocr_carea' id='block_1_2' title="bbox 7 363 1141 654">
    <p class='ocr_par' dir='ltr' id='par_1_2' title="bbox 7 363 1141 654">
     <span class='ocr_line' id='line_1_2' title="bbox 146 363 1106 453; baseline -0.003 -19"><span class='ocrx_word' id='word_1_5' title='bbox 146 369 307 453; x_wconf 84' lang='grc' dir='ltr'><strong><em>πρόβατα,</em></strong></span> <span class='ocrx_word' id='word_1_6' title='bbox 342 363 471 432; x_wconf 87' lang='grc' dir='ltr'><strong><em>δυνατά</em></strong></span> <span class='ocrx_word' id='word_1_7' title='bbox 508 367 670 449; x_wconf 83' lang='grc' dir='ltr'><strong><em>γενέσθαι</em></strong></span> <span class='ocrx_word' id='word_1_8' title='bbox 704 372 782 432; x_wconf 83' lang='grc' dir='ltr'><strong><em>είσω</em></strong></span> <span class='ocrx_word' id='word_1_9' title='bbox 815 369 1019 451; x_wconf 77' lang='grc' dir='ltr'><strong><em>παρελθεῖν,</em></strong></span> <span class='ocrx_word' id='word_1_10' title='bbox 1056 365 1106 431; x_wconf 86' lang='grc' dir='ltr'><strong><em>ὅτι</em></strong></span> 
     </span>
     <span class='ocr_line' id='line_1_3' title="bbox 7 464 850 558; baseline -0.005 -22"><span class='ocrx_word' id='word_1_11' title='bbox 7 555 8 558; x_wconf 9' lang='lat'>¹</span> <span class='ocrx_word' id='word_1_12' title='bbox 105 507 108 514; x_wconf 85' lang='grc'><em>·</em></span> <span class='ocrx_word' id='word_1_13' title='bbox 146 473 275 536; x_wconf 83' lang='grc' dir='ltr'><strong><em>πολλοῦ</em></strong></span> <span class='ocrx_word' id='word_1_14' title='bbox 298 466 392 548; x_wconf 82' lang='grc' dir='ltr'><strong><em>ἀξιον</em></strong></span> <span class='ocrx_word' id='word_1_15' title='bbox 414 470 621 551; x_wconf 79' lang='grc' dir='ltr'><strong><em>Κυρηναίοις</em></strong></span> <span class='ocrx_word' id='word_1_16' title='bbox 641 464 679 532; x_wconf 88' lang='grc' dir='ltr'><strong><em>τδ</em></strong></span> <span class='ocrx_word' id='word_1_17' title='bbox 702 470 850 551; x_wconf 90' lang='grc' dir='ltr'><strong><em>σίλφιον.</em></strong></span> 
     </span>
     <span class='ocr_line' id='line_1_4' title="bbox 229 562 1141 654; baseline -0.004 -18"><span class='ocrx_word' id='word_1_18' title='bbox 229 571 361 654; x_wconf 74' lang='grc' dir='ltr'><strong><em>Βῆσσος</em></strong></span> <span class='ocrx_word' id='word_1_19' title='bbox 383 568 435 648; x_wconf 80' lang='grc' dir='ltr'><strong><em>δέ,</em></strong></span> <span class='ocrx_word' id='word_1_20' title='bbox 460 571 546 652; x_wconf 82' lang='grc' dir='ltr'><strong><em>ἔχων</em></strong></span> <span class='ocrx_word' id='word_1_21' title='bbox 568 562 654 653; x_wconf 92' lang='grc' dir='ltr'><strong><em>ἀμφ’</em></strong></span> <span class='ocrx_word' id='word_1_22' title='bbox 678 566 784 634; x_wconf 80' lang='grc' dir='ltr'><strong><em>αὑτὸν</em></strong></span> <span class='ocrx_word' id='word_1_23' title='bbox 804 573 950 651; x_wconf 77' lang='grc' dir='ltr'><strong><em>Περσῶν</em></strong></span> <span class='ocrx_word' id='word_1_24' title='bbox 971 593 1007 634; x_wconf 86' lang='grc' dir='ltr'><strong><em>τε</em></strong></span> <span class='ocrx_word' id='word_1_25' title='bbox 1029 565 1141 643; x_wconf 82' lang='grc' dir='ltr'><strong><em>τούς8</em></strong></span> 
     </span>
    </p>
   </div>
   <div class='ocr_carea' id='block_1_3' title="bbox 111 667 1164 3590">
    <p class='ocr_par' dir='ltr' id='par_1_3' title="bbox 111 667 1161 2477">
     <span class='ocr_line' id='line_1_5' title="bbox 145 667 1108 756; baseline -0.005 -18"><span class='ocrx_word' id='word_1_26' title='bbox 145 671 369 756; x_wconf 79' lang='grc' dir='ltr'><strong><em>μετασχόντας</em></strong></span> <span class='ocrx_word' id='word_1_27' title='bbox 383 667 474 755; x_wconf 75' lang='grc' dir='ltr'><strong><em>αὐτῷ</em></strong></span> <span class='ocrx_word' id='word_1_28' title='bbox 485 673 543 754; x_wconf 78' lang='grc' dir='ltr'><strong><em>τῆς</em></strong></span> <span class='ocrx_word' id='word_1_29' title='bbox 554 673 701 753; x_wconf 81' lang='grc' dir='ltr'><strong><em>Δαρείου</em></strong></span> <span class='ocrx_word' id='word_1_30' title='bbox 714 669 910 754; x_wconf 71' lang='grc' dir='ltr'><strong><em>συλλήψεως</em></strong></span> <span class='ocrx_word' id='word_1_31' title='bbox 924 667 980 735; x_wconf 83' lang='grc' dir='ltr'><strong><em>καὶ</em></strong></span> <span class='ocrx_word' id='word_1_32' title='bbox 995 669 1108 734; x_wconf 71' lang='grc' dir='ltr'><strong><em>αύτοῖν</em></strong></span> 
     </span>
     <span class='ocr_line' id='line_1_6' title="bbox 120 769 1108 859; baseline -0.004 -19"><span class='ocrx_word' id='word_1_33' title='bbox 120 776 322 859; x_wconf 86' lang='grc' dir='ltr'><strong><em>ιΒακτρίων</em></strong></span> <span class='ocrx_word' id='word_1_34' title='bbox 338 771 372 848; x_wconf 83' lang='grc' dir='ltr'><strong><em>ἐς</em></strong></span> <span class='ocrx_word' id='word_1_35' title='bbox 387 769 654 853; x_wconf 78' lang='grc' dir='ltr'><strong><em>ἑπτακισχιλίους</em></strong></span> <span class='ocrx_word' id='word_1_36' title='bbox 674 771 730 835; x_wconf 86' lang='grc' dir='ltr'><strong><em>καλ</em></strong></span> <span class='ocrx_word' id='word_1_37' title='bbox 745 771 841 848; x_wconf 86' lang='grc' dir='ltr'><strong><em>Δάας</em></strong></span> <span class='ocrx_word' id='word_1_38' title='bbox 854 769 933 849; x_wconf 88' lang='grc' dir='ltr'><strong><em>τούς</em></strong></span> <span class='ocrx_word' id='word_1_39' title='bbox 952 771 1007 836; x_wconf 77' lang='grc' dir='ltr'><strong><em>ἐπὶ</em></strong></span> <span class='ocrx_word' id='word_1_40' title='bbox 1027 771 1108 836; x_wconf 83' lang='grc' dir='ltr'><strong><em>τάδε</em></strong></span> 
     </span>
     <span class='ocr_line' id='line_1_7' title="bbox 146 869 1110 957; baseline -0.005 -16"><span class='ocrx_word' id='word_1_41' title='bbox 146 881 206 941; x_wconf 86' lang='grc' dir='ltr'><strong><em>τοῦ</em></strong></span> <span class='ocrx_word' id='word_1_42' title='bbox 239 873 404 950; x_wconf 76' lang='grc' dir='ltr'><strong><em>Τανάϊδος</em></strong></span> <span class='ocrx_word' id='word_1_43' title='bbox 432 875 585 956; x_wconf 82' lang='grc' dir='ltr'><strong><em>ποταμοῦ</em></strong></span> <span class='ocrx_word' id='word_1_44' title='bbox 613 870 847 956; x_wconf 79' lang='grc' dir='ltr'><strong><em>ἐποικοῦντας,</em></strong></span> <span class='ocrx_word' id='word_1_45' title='bbox 878 875 1017 957; x_wconf 77' lang='grc' dir='ltr'><strong><em>ἔφθειρε</em></strong></span> <span class='ocrx_word' id='word_1_46' title='bbox 1048 869 1110 955; x_wconf 78' lang='grc' dir='ltr'><strong><em>τὴν</em></strong></span> 
     </span>
     <span class='ocr_line' id='line_1_8' title="bbox 146 971 1111 1062; baseline -0.005 -20"><span class='ocrx_word' id='word_1_47' title='bbox 146 974 213 1042; x_wconf 85' lang='grc' dir='ltr'><strong><em>ύπδ</em></strong></span> <span class='ocrx_word' id='word_1_48' title='bbox 232 979 278 1062; x_wconf 79' lang='grc' dir='ltr'><strong><em>τῷ</em></strong></span> <span class='ocrx_word' id='word_1_49' title='bbox 294 973 367 1060; x_wconf 83' lang='grc' dir='ltr'><strong><em>ὄρει</em></strong></span> <span class='ocrx_word' id='word_1_50' title='bbox 386 977 432 1060; x_wconf 75' lang='grc' dir='ltr'><strong><em>τῷ</em></strong></span> <span class='ocrx_word' id='word_1_51' title='bbox 447 974 635 1059; x_wconf 80' lang='grc' dir='ltr'><strong><em>Καυκάσῳ,</em></strong></span> <span class='ocrx_word' id='word_1_52' title='bbox 660 971 706 1050; x_wconf 79' lang='grc' dir='ltr'><strong><em>ύς</em></strong></span> <span class='ocrx_word' id='word_1_53' title='bbox 726 975 847 1059; x_wconf 81' lang='grc' dir='ltr'><strong><em>ἐρημίη</em></strong></span> <span class='ocrx_word' id='word_1_54' title='bbox 866 996 902 1040; x_wconf 87' lang='grc' dir='ltr'><strong><em>τε</em></strong></span> <span class='ocrx_word' id='word_1_55' title='bbox 922 977 981 1057; x_wconf 81' lang='grc' dir='ltr'><strong><em>τῆς</em></strong></span> <span class='ocrx_word' id='word_1_56' title='bbox 1000 973 1111 1058; x_wconf 83' lang='grc' dir='ltr'><strong><em>χάρας</em></strong></span> 
     </span>
     <span class='ocr_line' id='line_1_9' title="bbox 146 1073 1110 1163; baseline -0.003 -20"><span class='ocrx_word' id='word_1_57' title='bbox 146 1083 205 1163; x_wconf 81' lang='grc' dir='ltr'><strong><em>τῆς</em></strong></span> <span class='ocrx_word' id='word_1_58' title='bbox 230 1078 269 1145; x_wconf 79' lang='grc' dir='ltr'><strong><em>ἐν</em></strong></span> <span class='ocrx_word' id='word_1_59' title='bbox 294 1079 382 1163; x_wconf 78' lang='grc' dir='ltr'><strong><em>μέσφ</em></strong></span> <span class='ocrx_word' id='word_1_60' title='bbox 403 1073 510 1142; x_wconf 82' lang='grc' dir='ltr'><strong><em>αὑτοῦ</em></strong></span> <span class='ocrx_word' id='word_1_61' title='bbox 535 1097 571 1140; x_wconf 87' lang='grc' dir='ltr'><strong><em>τε</em></strong></span> <span class='ocrx_word' id='word_1_62' title='bbox 592 1075 648 1142; x_wconf 80' lang='grc' dir='ltr'><strong><em>καὶ</em></strong></span> <span class='ocrx_word' id='word_1_63' title='bbox 668 1073 889 1158; x_wconf 86' lang='grc' dir='ltr'><strong><em>Ἀλεξάνδρου</em></strong></span> <span class='ocrx_word' id='word_1_64' title='bbox 910 1075 967 1140; x_wconf 83' lang='grc' dir='ltr'><strong><em>καλ</em></strong></span> <span class='ocrx_word' id='word_1_65' title='bbox 987 1075 1110 1160; x_wconf 83' lang='grc' dir='ltr'><strong><em>ἀπορίᾳ</em></strong></span> 
     </span>
     <span class='ocr_line' id='line_1_10' title="bbox 146 1173 1109 1263; baseline -0.004 -18"><span class='ocrx_word' id='word_1_66' title='bbox 146 1185 215 1245; x_wconf 77' lang='grc' dir='ltr'><strong><em>τῶν</em></strong></span> <span class='ocrx_word' id='word_1_67' title='bbox 237 1177 434 1263; x_wconf 80' lang='grc' dir='ltr'><strong><em>ἐπιτηδείων</em></strong></span> <span class='ocrx_word' id='word_1_68' title='bbox 455 1173 624 1260; x_wconf 77' lang='grc' dir='ltr'><strong><em>ἀπείρξων</em></strong></span> <span class='ocrx_word' id='word_1_69' title='bbox 636 1175 854 1261; x_wconf 82' lang='grc' dir='ltr'><strong><em>Ἀλέξανδρον</em></strong></span> <span class='ocrx_word' id='word_1_70' title='bbox 868 1181 929 1243; x_wconf 82' lang='grc' dir='ltr'><strong><em>τοῦ</em></strong></span> <span class='ocrx_word' id='word_1_71' title='bbox 948 1175 992 1262; x_wconf 78' lang='grc' dir='ltr'><strong><em>μη</em></strong></span> <span class='ocrx_word' id='word_1_72' title='bbox 1009 1175 1109 1244; x_wconf 80' lang='grc' dir='ltr'><strong><em>ἐλαύ-</em></strong></span> 
     </span>
     <span class='ocr_line' id='line_1_11' title="bbox 111 1274 1144 1364; baseline -0.002 -20"><span class='ocrx_word' id='word_1_73' title='bbox 111 1304 135 1344; x_wconf 88' lang='grc' dir='ltr'><strong><em>ιο</em></strong></span> <span class='ocrx_word' id='word_1_74' title='bbox 149 1305 222 1346; x_wconf 89' lang='grc' dir='ltr'><strong><em>υειν</em></strong></span> <span class='ocrx_word' id='word_1_75' title='bbox 237 1279 361 1364; x_wconf 89' lang='grc' dir='ltr'><strong><em>πρόσω.</em></strong></span> <span class='ocrx_word' id='word_1_76' title='bbox 391 1277 461 1342; x_wconf 91' lang='grc' dir='ltr'><strong><em>ἀλλ’</em></strong></span> <span class='ocrx_word' id='word_1_77' title='bbox 475 1278 691 1360; x_wconf 80' lang='grc' dir='ltr'><strong><em>Ἀλέξανδρος</em></strong></span> <span class='ocrx_word' id='word_1_78' title='bbox 710 1274 860 1362; x_wconf 83' lang='grc' dir='ltr'><strong><em>ἤλαυνεν</em></strong></span> <span class='ocrx_word' id='word_1_79' title='bbox 880 1276 982 1343; x_wconf 79' lang='grc' dir='ltr'><strong><em>ούδὲυ</em></strong></span> <span class='ocrx_word' id='word_1_80' title='bbox 1003 1289 1108 1364; x_wconf 81' lang='grc' dir='ltr'><strong><em>μείου,</em></strong></span> <span class='ocrx_word' id='word_1_81' title='bbox 1127 1289 1144 1336; x_wconf 69' lang='lat'>⁹</span> 
     </span>
     <span class='ocr_line' id='line_1_12' title="bbox 148 1379 1110 1468; baseline -0.001 -22"><span class='ocrx_word' id='word_1_82' title='bbox 148 1384 300 1468; x_wconf 77' lang='grc' dir='ltr'><strong><em>χαλεπῶς</em></strong></span> <span class='ocrx_word' id='word_1_83' title='bbox 327 1380 390 1464; x_wconf 71' lang='grc' dir='ltr'><strong><em>μὲν</em></strong></span> <span class='ocrx_word' id='word_1_84' title='bbox 413 1380 470 1444; x_wconf 89' lang='grc' dir='ltr'><strong><em>διά</em></strong></span> <span class='ocrx_word' id='word_1_85' title='bbox 492 1403 528 1444; x_wconf 89' lang='grc' dir='ltr'><strong><em>τε</em></strong></span> <span class='ocrx_word' id='word_1_86' title='bbox 550 1380 661 1464; x_wconf 87' lang='grc' dir='ltr'><strong><em>χιόνος</em></strong></span> <span class='ocrx_word' id='word_1_87' title='bbox 682 1379 808 1463; x_wconf 80' lang='grc' dir='ltr'><strong><em>πολλῆς</em></strong></span> <span class='ocrx_word' id='word_1_88' title='bbox 830 1379 885 1444; x_wconf 82' lang='grc' dir='ltr'><strong><em>καὶ</em></strong></span> <span class='ocrx_word' id='word_1_89' title='bbox 910 1380 1023 1465; x_wconf 78' lang='grc' dir='ltr'><strong><em>ἐνδείᾳ</em></strong></span> <span class='ocrx_word' id='word_1_90' title='bbox 1043 1385 1110 1445; x_wconf 81' lang='grc' dir='ltr'><strong><em>τῶν</em></strong></span> 
     </span>
     <span class='ocr_line' id='line_1_13' title="bbox 149 1478 1112 1566; baseline -0.001 -20"><span class='ocrx_word' id='word_1_91' title='bbox 149 1480 359 1565; x_wconf 87' lang='grc' dir='ltr'><strong><em>ἀναγκαίων,</em></strong></span> <span class='ocrx_word' id='word_1_92' title='bbox 378 1478 432 1566; x_wconf 78' lang='grc' dir='ltr'><strong><em>ᾔει</em></strong></span> <span class='ocrx_word' id='word_1_93' title='bbox 453 1479 490 1546; x_wconf 73' lang='grc' dir='ltr'><strong><em>δὲ</em></strong></span> <span class='ocrx_word' id='word_1_94' title='bbox 511 1478 607 1565; x_wconf 83' lang='grc' dir='ltr'><strong><em>ὅμως.</em></strong></span> <span class='ocrx_word' id='word_1_95' title='bbox 631 1485 763 1562; x_wconf 87' lang='grc' dir='ltr'><strong><em>Βῆσσος</em></strong></span> <span class='ocrx_word' id='word_1_96' title='bbox 784 1481 836 1563; x_wconf 80' lang='grc' dir='ltr'><strong><em>δέ,</em></strong></span> <span class='ocrx_word' id='word_1_97' title='bbox 862 1481 935 1546; x_wconf 81' lang='grc' dir='ltr'><strong><em>ἐπεὶ</em></strong></span> <span class='ocrx_word' id='word_1_98' title='bbox 957 1479 1112 1565; x_wconf 79' lang='grc' dir='ltr'><strong><em>ἐξηγγέλ-</em></strong></span> 
     </span>
     <span class='ocr_line' id='line_1_14' title="bbox 150 1576 1113 1668; baseline -0.001 -20"><span class='ocrx_word' id='word_1_99' title='bbox 150 1588 225 1648; x_wconf 88' lang='grc' dir='ltr'><strong><em>λετο</em></strong></span> <span class='ocrx_word' id='word_1_100' title='bbox 249 1579 340 1668; x_wconf 76' lang='grc' dir='ltr'><strong><em>αύτῷ</em></strong></span> <span class='ocrx_word' id='word_1_101' title='bbox 361 1579 402 1647; x_wconf 89' lang='grc' dir='ltr'><strong><em>ού</em></strong></span> <span class='ocrx_word' id='word_1_102' title='bbox 430 1581 546 1663; x_wconf 85' lang='grc' dir='ltr'><strong><em>πόρρω</em></strong></span> <span class='ocrx_word' id='word_1_103' title='bbox 573 1580 637 1666; x_wconf 80' lang='grc' dir='ltr'><strong><em>ἤδη</em></strong></span> <span class='ocrx_word' id='word_1_104' title='bbox 665 1576 714 1647; x_wconf 75' lang='grc' dir='ltr'><strong><em>οδν</em></strong></span> <span class='ocrx_word' id='word_1_105' title='bbox 733 1579 965 1664; x_wconf 82' lang='grc' dir='ltr'><strong><em>Ἀλέξανδρος,</em></strong></span> <span class='ocrx_word' id='word_1_106' title='bbox 994 1585 1113 1667; x_wconf 83' lang='grc' dir='ltr'><strong><em>διαβάς</em></strong></span> 
     </span>
     <span class='ocr_line' id='line_1_15' title="bbox 149 1672 1112 1767; baseline -0.001 -17"><span class='ocrx_word' id='word_1_107' title='bbox 149 1680 211 1750; x_wconf 89' lang='grc' dir='ltr'><strong><em>τόν</em></strong></span> <span class='ocrx_word' id='word_1_108' title='bbox 232 1672 333 1760; x_wconf 75' lang='grc' dir='ltr'><strong><em>Ὦξον</em></strong></span> <span class='ocrx_word' id='word_1_109' title='bbox 367 1679 518 1766; x_wconf 86' lang='grc' dir='ltr'><strong><em>ποταμόν</em></strong></span> <span class='ocrx_word' id='word_1_110' title='bbox 553 1679 594 1747; x_wconf 92' lang='grc' dir='ltr'><strong><em>τά</em></strong></span> <span class='ocrx_word' id='word_1_111' title='bbox 627 1683 690 1766; x_wconf 75' lang='grc' dir='ltr'><strong><em>μὲν</em></strong></span> <span class='ocrx_word' id='word_1_112' title='bbox 720 1685 821 1747; x_wconf 78' lang='grc' dir='ltr'><strong><em>πλοῖα</em></strong></span> <span class='ocrx_word' id='word_1_113' title='bbox 852 1681 908 1767; x_wconf 82' lang='grc' dir='ltr'><strong><em>ἐφ’</em></strong></span> <span class='ocrx_word' id='word_1_114' title='bbox 936 1673 986 1748; x_wconf 80' lang='grc' dir='ltr'><strong><em>ύν</em></strong></span> <span class='ocrx_word' id='word_1_115' title='bbox 1018 1684 1112 1767; x_wconf 81' lang='grc' dir='ltr'><strong><em>διέβη</em></strong></span> 
     </span>
     <span class='ocr_line' id='line_1_16' title="bbox 113 1783 1113 1868; baseline 0.001 -20"><span class='ocrx_word' id='word_1_116' title='bbox 113 1809 137 1848; x_wconf 80' lang='grc' dir='ltr'><strong><em>ιτ</em></strong></span> <span class='ocrx_word' id='word_1_117' title='bbox 151 1785 374 1868; x_wconf 82' lang='grc' dir='ltr'><strong><em>κατέκαυσεν,</em></strong></span> <span class='ocrx_word' id='word_1_118' title='bbox 405 1783 506 1860; x_wconf 86' lang='grc' dir='ltr'><strong><em>αύτδς</em></strong></span> <span class='ocrx_word' id='word_1_119' title='bbox 527 1783 564 1848; x_wconf 77' lang='grc' dir='ltr'><strong><em>δὲ</em></strong></span> <span class='ocrx_word' id='word_1_120' title='bbox 587 1785 633 1860; x_wconf 88' lang='grc' dir='ltr'><strong><em>είς</em></strong></span> <span class='ocrx_word' id='word_1_121' title='bbox 655 1785 820 1848; x_wconf 85' lang='grc' dir='ltr'><strong><em>Ναύτακα</em></strong></span> <span class='ocrx_word' id='word_1_122' title='bbox 841 1787 900 1868; x_wconf 80' lang='grc' dir='ltr'><strong><em>τῆς</em></strong></span> <span class='ocrx_word' id='word_1_123' title='bbox 922 1785 1113 1868; x_wconf 81' lang='grc' dir='ltr'><strong><em>Σογδιανῆς</em></strong></span> 
     </span>
     <span class='ocr_line' id='line_1_17' title="bbox 150 1882 1161 1972; baseline -0.001 -21"><span class='ocrx_word' id='word_1_124' title='bbox 150 1885 261 1970; x_wconf 82' lang='grc' dir='ltr'><strong><em>χοίρας</em></strong></span> <span class='ocrx_word' id='word_1_125' title='bbox 282 1883 458 1969; x_wconf 73' lang='grc' dir='ltr'><strong><em>ἀπεχώρει.</em></strong></span> <span class='ocrx_word' id='word_1_126' title='bbox 483 1883 618 1951; x_wconf 79' lang='grc' dir='ltr'><strong><em>εἵποντο</em></strong></span> <span class='ocrx_word' id='word_1_127' title='bbox 637 1885 674 1950; x_wconf 78' lang='grc' dir='ltr'><strong><em>δὲ</em></strong></span> <span class='ocrx_word' id='word_1_128' title='bbox 696 1882 786 1972; x_wconf 77' lang='grc' dir='ltr'><strong><em>αύτῷ</em></strong></span> <span class='ocrx_word' id='word_1_129' title='bbox 809 1884 898 1950; x_wconf 79' lang='grc' dir='ltr'><strong><em>οἵτε</em></strong></span> <span class='ocrx_word' id='word_1_130' title='bbox 920 1883 1006 1969; x_wconf 84' lang='grc' dir='ltr'><strong><em>ἀμφὶ</em></strong></span> <span class='ocrx_word' id='word_1_131' title='bbox 1022 1891 1113 1951; x_wconf 84' lang='grc' dir='ltr'><strong><em>Σπι-</em></strong></span> <span class='ocrx_word' id='word_1_132' title='bbox 1131 1894 1161 1944; x_wconf 86' lang='lat'><strong><em>1⁰</em></strong></span> 
     </span>
     <span class='ocr_line' id='line_1_18' title="bbox 150 1984 1112 2072; baseline 0.001 -21"><span class='ocrx_word' id='word_1_133' title='bbox 150 1986 297 2072; x_wconf 83' lang='grc' dir='ltr'><strong><em>ταμένην</em></strong></span> <span class='ocrx_word' id='word_1_134' title='bbox 319 1987 376 2052; x_wconf 79' lang='grc' dir='ltr'><strong><em>καὶ</em></strong></span> <span class='ocrx_word' id='word_1_135' title='bbox 395 1985 594 2071; x_wconf 90' lang='grc' dir='ltr'><strong><em>Ὀξυάρτην,</em></strong></span> <span class='ocrx_word' id='word_1_136' title='bbox 624 1989 755 2070; x_wconf 81' lang='grc' dir='ltr'><strong><em>ἔχοντες</em></strong></span> <span class='ocrx_word' id='word_1_137' title='bbox 781 1984 861 2063; x_wconf 85' lang='grc' dir='ltr'><strong><em>τούς</em></strong></span> <span class='ocrx_word' id='word_1_138' title='bbox 883 1987 921 2052; x_wconf 83' lang='grc' dir='ltr'><strong><em>ἐκ</em></strong></span> <span class='ocrx_word' id='word_1_139' title='bbox 943 1989 1001 2071; x_wconf 80' lang='grc' dir='ltr'><strong><em>τῆς</em></strong></span> <span class='ocrx_word' id='word_1_140' title='bbox 1023 1993 1112 2072; x_wconf 82' lang='grc' dir='ltr'><strong><em>Σογ-</em></strong></span> 
     </span>
     <span class='ocr_line' id='line_1_19' title="bbox 151 2085 1118 2172; baseline -0.001 -19"><span class='ocrx_word' id='word_1_141' title='bbox 151 2089 270 2172; x_wconf 82' lang='grc' dir='ltr'><strong><em>διανῆς</em></strong></span> <span class='ocrx_word' id='word_1_142' title='bbox 294 2085 430 2169; x_wconf 80' lang='grc' dir='ltr'><strong><em>ἱππέας,</em></strong></span> <span class='ocrx_word' id='word_1_143' title='bbox 453 2088 510 2152; x_wconf 79' lang='grc' dir='ltr'><strong><em>καὶ</em></strong></span> <span class='ocrx_word' id='word_1_144' title='bbox 531 2087 622 2152; x_wconf 91' lang='grc' dir='ltr'><strong><em>Δάαι</em></strong></span> <span class='ocrx_word' id='word_1_145' title='bbox 644 2088 679 2152; x_wconf 85' lang='grc' dir='ltr'><strong><em>ολ</em></strong></span> <span class='ocrx_word' id='word_1_146' title='bbox 697 2086 762 2154; x_wconf 85' lang='grc' dir='ltr'><strong><em>ἀπὸ</em></strong></span> <span class='ocrx_word' id='word_1_147' title='bbox 784 2092 846 2152; x_wconf 83' lang='grc' dir='ltr'><strong><em>τοῦ</em></strong></span> <span class='ocrx_word' id='word_1_148' title='bbox 873 2085 1046 2166; x_wconf 78' lang='grc' dir='ltr'><strong><em>Τανάϊδος.</em></strong></span> <span class='ocrx_word' id='word_1_149' title='bbox 1082 2088 1118 2152; x_wconf 92' lang='grc' dir='ltr'><strong><em>οί</em></strong></span> 
     </span>
     <span class='ocr_line' id='line_1_20' title="bbox 152 2186 1111 2274; baseline -0.001 -20"><span class='ocrx_word' id='word_1_150' title='bbox 152 2190 189 2256; x_wconf 79' lang='grc' dir='ltr'><strong><em>δὲ</em></strong></span> <span class='ocrx_word' id='word_1_151' title='bbox 212 2194 280 2255; x_wconf 82' lang='grc' dir='ltr'><strong><em>τῶν</em></strong></span> <span class='ocrx_word' id='word_1_152' title='bbox 294 2193 473 2274; x_wconf 87' lang='grc' dir='ltr'><strong><em>Βακτρίων</em></strong></span> <span class='ocrx_word' id='word_1_153' title='bbox 489 2189 601 2266; x_wconf 84' lang='grc' dir='ltr'><strong><em>ίππείς</em></strong></span> <span class='ocrx_word' id='word_1_154' title='bbox 622 2187 668 2266; x_wconf 83' lang='grc' dir='ltr'><strong><em>ύς</em></strong></span> <span class='ocrx_word' id='word_1_155' title='bbox 689 2187 831 2274; x_wconf 80' lang='grc' dir='ltr'><strong><em>φεύγειν</em></strong></span> <span class='ocrx_word' id='word_1_156' title='bbox 847 2186 1016 2272; x_wconf 79' lang='grc' dir='ltr'><strong><em>ἐγνωκότα</em></strong></span> <span class='ocrx_word' id='word_1_157' title='bbox 1033 2193 1111 2273; x_wconf 81' lang='grc' dir='ltr'><strong><em>ἔμα-</em></strong></span> 
     </span>
     <span class='ocr_line' id='line_1_21' title="bbox 112 2288 1114 2376; baseline -0.001 -21"><span class='ocrx_word' id='word_1_158' title='bbox 112 2313 138 2354; x_wconf 67' lang='lat' dir='ltr'><strong><em>no</em></strong></span> <span class='ocrx_word' id='word_1_159' title='bbox 151 2297 219 2356; x_wconf 88' lang='grc' dir='ltr'><strong><em>θον</em></strong></span> <span class='ocrx_word' id='word_1_160' title='bbox 230 2296 378 2376; x_wconf 80' lang='grc' dir='ltr'><strong><em>Βῆσσον,</em></strong></span> <span class='ocrx_word' id='word_1_161' title='bbox 399 2289 501 2368; x_wconf 83' lang='grc' dir='ltr'><strong><em>ἀλλος</em></strong></span> <span class='ocrx_word' id='word_1_162' title='bbox 515 2289 601 2376; x_wconf 83' lang='grc' dir='ltr'><strong><em>άλλη</em></strong></span> <span class='ocrx_word' id='word_1_163' title='bbox 618 2291 673 2356; x_wconf 80' lang='grc' dir='ltr'><strong><em>όπλ</em></strong></span> <span class='ocrx_word' id='word_1_164' title='bbox 687 2288 729 2355; x_wconf 84' lang='grc' dir='ltr'><strong><em>τά</em></strong></span> <span class='ocrx_word' id='word_1_165' title='bbox 745 2295 843 2374; x_wconf 80' lang='grc' dir='ltr'><strong><em>σφῶν</em></strong></span> <span class='ocrx_word' id='word_1_166' title='bbox 857 2291 992 2356; x_wconf 80' lang='grc' dir='ltr'><strong><em>ἕκαστοι</em></strong></span> <span class='ocrx_word' id='word_1_167' title='bbox 1007 2288 1114 2375; x_wconf 89' lang='grc' dir='ltr'><strong><em>ἀπηλ-</em></strong></span> 
     </span>
     <span class='ocr_line' id='line_1_22' title="bbox 152 2393 314 2477; baseline 0.006 -20"><span class='ocrx_word' id='word_1_168' title='bbox 152 2393 314 2477; x_wconf 91' lang='grc' dir='ltr'><strong><em>λάγησαν.</em></strong></span> 
     </span>
    </p>

    <p class='ocr_par' dir='ltr' id='par_1_4' title="bbox 152 2489 1164 2781">
     <span class='ocr_line' id='line_1_23' title="bbox 233 2489 1164 2578; baseline 0.003 -21"><span class='ocrx_word' id='word_1_169' title='bbox 233 2491 446 2577; x_wconf 78' lang='grc' dir='ltr'><strong><em>Ἀλέξανδρος</em></strong></span> <span class='ocrx_word' id='word_1_170' title='bbox 482 2495 520 2558; x_wconf 72' lang='grc' dir='ltr'><strong><em>δὲ</em></strong></span> <span class='ocrx_word' id='word_1_171' title='bbox 554 2493 589 2570; x_wconf 78' lang='grc' dir='ltr'><strong><em>ἐς</em></strong></span> <span class='ocrx_word' id='word_1_172' title='bbox 621 2493 791 2577; x_wconf 77' lang='grc' dir='ltr'><strong><em>Δράψακα</em></strong></span> <span class='ocrx_word' id='word_1_173' title='bbox 821 2492 1027 2578; x_wconf 78' lang='grc' dir='ltr'><strong><em>ἀφικόμενος</em></strong></span> <span class='ocrx_word' id='word_1_174' title='bbox 1058 2489 1113 2558; x_wconf 81' lang='grc' dir='ltr'><strong><em>καὶ</em></strong></span> <span class='ocrx_word' id='word_1_175' title='bbox 1122 2494 1164 2560; x_wconf 82' lang='grc'><strong><em>29</em></strong></span> 
     </span>
     <span class='ocr_line' id='line_1_24' title="bbox 152 2587 1115 2680; baseline -0.003 -17"><span class='ocrx_word' id='word_1_176' title='bbox 152 2593 353 2672; x_wconf 77' lang='grc' dir='ltr'><strong><em>ἀναπαύσας</em></strong></span> <span class='ocrx_word' id='word_1_177' title='bbox 385 2596 447 2680; x_wconf 80' lang='grc' dir='ltr'><strong><em>τὴν</em></strong></span> <span class='ocrx_word' id='word_1_178' title='bbox 480 2591 641 2677; x_wconf 83' lang='grc' dir='ltr'><strong><em>στρατιάν</em></strong></span> <span class='ocrx_word' id='word_1_179' title='bbox 675 2597 710 2674; x_wconf 83' lang='grc' dir='ltr'><strong><em>ἐς</em></strong></span> <span class='ocrx_word' id='word_1_180' title='bbox 729 2594 877 2680; x_wconf 81' lang='grc' dir='ltr'><strong><em>Ἀορυόν</em></strong></span> <span class='ocrx_word' id='word_1_181' title='bbox 903 2619 939 2662; x_wconf 89' lang='grc' dir='ltr'><strong><em>τε</em></strong></span> <span class='ocrx_word' id='word_1_182' title='bbox 971 2587 1032 2679; x_wconf 78' lang='grc' dir='ltr'><strong><em>ἦγε</em></strong></span> <span class='ocrx_word' id='word_1_183' title='bbox 1058 2597 1115 2660; x_wconf 81' lang='grc' dir='ltr'><strong><em>καλ</em></strong></span> 
     </span>
     <span class='ocr_line' id='line_1_25' title="bbox 153 2693 1114 2781; baseline -0.003 -19"><span class='ocrx_word' id='word_1_184' title='bbox 153 2693 306 2781; x_wconf 85' lang='grc' dir='ltr'><strong><em>Βάκτρα,</em></strong></span> <span class='ocrx_word' id='word_1_185' title='bbox 327 2699 366 2760; x_wconf 80' lang='grc' dir='ltr'><strong><em>αἲ</em></strong></span> <span class='ocrx_word' id='word_1_186' title='bbox 382 2693 423 2779; x_wconf 76' lang='grc' dir='ltr'><strong><em>δή</em></strong></span> <span class='ocrx_word' id='word_1_187' title='bbox 439 2696 594 2780; x_wconf 80' lang='grc' dir='ltr'><strong><em>μέγισταί</em></strong></span> <span class='ocrx_word' id='word_1_188' title='bbox 607 2697 672 2762; x_wconf 87' lang='grc' dir='ltr'><strong><em>ελσι</em></strong></span> <span class='ocrx_word' id='word_1_189' title='bbox 693 2696 806 2774; x_wconf 88' lang='grc' dir='ltr'><strong><em>πόλεις</em></strong></span> <span class='ocrx_word' id='word_1_190' title='bbox 828 2698 867 2763; x_wconf 82' lang='grc' dir='ltr'><strong><em>ἐν</em></strong></span> <span class='ocrx_word' id='word_1_191' title='bbox 881 2702 922 2780; x_wconf 80' lang='grc' dir='ltr'><strong><em>τῇ</em></strong></span> <span class='ocrx_word' id='word_1_192' title='bbox 937 2699 1114 2780; x_wconf 84' lang='grc' dir='ltr'><strong><em>Βακτρίων</em></strong></span> 
     </span>
    </p>

    <p class='ocr_par' dir='ltr' id='par_1_5' title="bbox 113 2797 1115 3286">
     <span class='ocr_line' id='line_1_26' title="bbox 113 2797 1115 2884; baseline 0.003 -27"><span class='ocrx_word' id='word_1_193' title='bbox 113 2819 139 2860; x_wconf 74' lang='grc' dir='ltr'><strong><em>ιι</em></strong></span> <span class='ocrx_word' id='word_1_194' title='bbox 152 2797 254 2884; x_wconf 75' lang='grc' dir='ltr'><strong><em>χάρη.</em></strong></span> <span class='ocrx_word' id='word_1_195' title='bbox 278 2797 334 2862; x_wconf 77' lang='grc' dir='ltr'><strong><em>καὶ</em></strong></span> <span class='ocrx_word' id='word_1_196' title='bbox 349 2799 473 2874; x_wconf 88' lang='grc' dir='ltr'><strong><em>ταύτας</em></strong></span> <span class='ocrx_word' id='word_1_197' title='bbox 494 2820 530 2862; x_wconf 87' lang='grc' dir='ltr'><strong><em>τε</em></strong></span> <span class='ocrx_word' id='word_1_198' title='bbox 553 2799 588 2876; x_wconf 77' lang='grc' dir='ltr'><strong><em>ἐξ</em></strong></span> <span class='ocrx_word' id='word_1_199' title='bbox 611 2799 740 2883; x_wconf 90' lang='grc' dir='ltr'><strong><em>ε’φόδον</em></strong></span> <span class='ocrx_word' id='word_1_200' title='bbox 755 2801 854 2882; x_wconf 80' lang='grc' dir='ltr'><strong><em>ἔλαβε</em></strong></span> <span class='ocrx_word' id='word_1_201' title='bbox 875 2799 933 2864; x_wconf 83' lang='grc' dir='ltr'><strong><em>καὶ</em></strong></span> <span class='ocrx_word' id='word_1_202' title='bbox 955 2799 1115 2882; x_wconf 81' lang='grc' dir='ltr'><strong><em>φυλακην</em></strong></span> 
     </span>
     <span class='ocr_line' id='line_1_27' title="bbox 153 2895 1115 2984; baseline -0.001 -20"><span class='ocrx_word' id='word_1_203' title='bbox 153 2899 192 2964; x_wconf 82' lang='grc' dir='ltr'><strong><em>ἐν</em></strong></span> <span class='ocrx_word' id='word_1_204' title='bbox 218 2903 259 2984; x_wconf 78' lang='grc' dir='ltr'><strong><em>τῇ</em></strong></span> <span class='ocrx_word' id='word_1_205' title='bbox 288 2897 378 2984; x_wconf 79' lang='grc' dir='ltr'><strong><em>άκρρι</em></strong></span> <span class='ocrx_word' id='word_1_206' title='bbox 405 2900 464 2983; x_wconf 82' lang='grc' dir='ltr'><strong><em>τῆς</em></strong></span> <span class='ocrx_word' id='word_1_207' title='bbox 488 2895 628 2980; x_wconf 88' lang='grc' dir='ltr'><strong><em>Ἀόρνου</em></strong></span> <span class='ocrx_word' id='word_1_208' title='bbox 655 2897 796 2964; x_wconf 83' lang='grc' dir='ltr'><strong><em>ἀπέλιπε</em></strong></span> <span class='ocrx_word' id='word_1_209' title='bbox 825 2899 882 2964; x_wconf 79' lang='grc' dir='ltr'><strong><em>καί</em></strong></span> <span class='ocrx_word' id='word_1_210' title='bbox 911 2899 966 2964; x_wconf 79' lang='grc' dir='ltr'><strong><em>ἐπὶ</em></strong></span> <span class='ocrx_word' id='word_1_211' title='bbox 993 2899 1115 2982; x_wconf 86' lang='grc' dir='ltr'><strong><em>ταύτης</em></strong></span> 
     </span>
     <span class='ocr_line' id='line_1_28' title="bbox 147 2995 1114 3084; baseline 0.002 -20"><span class='ocrx_word' id='word_1_212' title='bbox 147 2999 325 3083; x_wconf 81' lang='grc' dir='ltr'><strong><em>Ἀρχέλαον</em></strong></span> <span class='ocrx_word' id='word_1_213' title='bbox 358 2995 418 3064; x_wconf 88' lang='grc' dir='ltr'><strong><em>τδν</em></strong></span> <span class='ocrx_word' id='word_1_214' title='bbox 447 2996 651 3084; x_wconf 88' lang='grc' dir='ltr'><strong><em>Ἀνδρόκλου</em></strong></span> <span class='ocrx_word' id='word_1_215' title='bbox 678 3005 748 3064; x_wconf 76' lang='grc' dir='ltr'><strong><em>τῶν</em></strong></span> <span class='ocrx_word' id='word_1_216' title='bbox 776 3000 932 3082; x_wconf 86' lang='grc' dir='ltr'><strong><em>ἑταίρων·</em></strong></span> <span class='ocrx_word' id='word_1_217' title='bbox 970 3009 1041 3078; x_wconf 70' lang='grc' dir='ltr'><strong><em>τοῖς</em></strong></span> <span class='ocrx_word' id='word_1_218' title='bbox 1069 2997 1114 3066; x_wconf 78' lang='grc' dir='ltr'><strong><em>δὲ’</em></strong></span> 
     </span>
     <span class='ocr_line' id='line_1_29' title="bbox 152 3097 1114 3187; baseline 0.003 -24"><span class='ocrx_word' id='word_1_219' title='bbox 152 3097 266 3178; x_wconf 83' lang='grc' dir='ltr'><strong><em>α”λλοις</em></strong></span> <span class='ocrx_word' id='word_1_220' title='bbox 280 3104 475 3184; x_wconf 89' lang='grc' dir='ltr'><strong><em>Βακτρίοις,</em></strong></span> <span class='ocrx_word' id='word_1_221' title='bbox 496 3099 539 3165; x_wconf 92' lang='grc' dir='ltr'><strong><em>ού</em></strong></span> <span class='ocrx_word' id='word_1_222' title='bbox 560 3105 710 3185; x_wconf 76' lang='grc' dir='ltr'><strong><em>χαλεπῶς</em></strong></span> <span class='ocrx_word' id='word_1_223' title='bbox 724 3101 1017 3187; x_wconf 80' lang='grc' dir='ltr'><strong><em>προσχωρήσασιν,</em></strong></span> <span class='ocrx_word' id='word_1_224' title='bbox 1037 3102 1114 3166; x_wconf 80' lang='grc' dir='ltr'><strong><em>ἐπέ-</em></strong></span> 
     </span>
     <span class='ocr_line' id='line_1_30' title="bbox 152 3193 896 3286; baseline 0.001 -20"><span class='ocrx_word' id='word_1_225' title='bbox 152 3202 229 3278; x_wconf 86' lang='grc' dir='ltr'><strong><em>ταξε</em></strong></span> <span class='ocrx_word' id='word_1_226' title='bbox 250 3193 427 3286; x_wconf 81' lang='grc' dir='ltr'><strong><em>σατράπην</em></strong></span> <span class='ocrx_word' id='word_1_227' title='bbox 445 3199 645 3286; x_wconf 78' lang='grc' dir='ltr'><strong><em>Ἀρτάβαζον</em></strong></span> <span class='ocrx_word' id='word_1_228' title='bbox 666 3200 726 3268; x_wconf 88' lang='grc' dir='ltr'><strong><em>τόν</em></strong></span> <span class='ocrx_word' id='word_1_229' title='bbox 748 3203 896 3286; x_wconf 80' lang='grc' dir='ltr'><strong><em>Πέρσην.</em></strong></span> 
     </span>
    </p>

    <p class='ocr_par' dir='ltr' id='par_1_6' title="bbox 114 3292 1147 3590">
     <span class='ocr_line' id='line_1_31' title="bbox 114 3292 1147 3388; baseline 0.004 -26"><span class='ocrx_word' id='word_1_230' title='bbox 114 3321 141 3362; x_wconf 80' lang='grc' dir='ltr'><strong><em>ιο</em></strong></span> <span class='ocrx_word' id='word_1_231' title='bbox 238 3299 350 3378; x_wconf 87' lang='grc' dir='ltr'><strong><em>Αύτδς</em></strong></span> <span class='ocrx_word' id='word_1_232' title='bbox 372 3300 410 3368; x_wconf 75' lang='grc' dir='ltr'><strong><em>δὲ</em></strong></span> <span class='ocrx_word' id='word_1_233' title='bbox 438 3292 522 3385; x_wconf 70' lang='grc' dir='ltr'><strong><em>η’γεν</em></strong></span> <span class='ocrx_word' id='word_1_234' title='bbox 544 3299 589 3379; x_wconf 81' lang='grc' dir='ltr'><strong><em>άς</em></strong></span> <span class='ocrx_word' id='word_1_235' title='bbox 611 3302 667 3368; x_wconf 81' lang='grc' dir='ltr'><strong><em>ε’πλ</em></strong></span> <span class='ocrx_word' id='word_1_236' title='bbox 693 3300 754 3368; x_wconf 85' lang='grc' dir='ltr'><strong><em>τόν</em></strong></span> <span class='ocrx_word' id='word_1_237' title='bbox 771 3295 872 3380; x_wconf 79' lang='grc' dir='ltr'><strong><em>Ὦξον</em></strong></span> <span class='ocrx_word' id='word_1_238' title='bbox 900 3303 1058 3388; x_wconf 86' lang='grc' dir='ltr'><strong><em>ποταμόν.</em></strong></span> <span class='ocrx_word' id='word_1_239' title='bbox 1095 3299 1147 3367; x_wconf 68' lang='grc' dir='ltr'><strong><em>δυ</em></strong></span> 
     </span>
     <span class='ocr_line' id='line_1_32' title="bbox 153 3390 1113 3486; baseline 0.001 -21"><span class='ocrx_word' id='word_1_240' title='bbox 153 3399 191 3466; x_wconf 74' lang='grc' dir='ltr'><strong><em>δὲ</em></strong></span> <span class='ocrx_word' id='word_1_241' title='bbox 213 3390 310 3480; x_wconf 78' lang='grc' dir='ltr'><strong><em>Ὦξος</em></strong></span> <span class='ocrx_word' id='word_1_242' title='bbox 339 3399 406 3485; x_wconf 77' lang='grc' dir='ltr'><strong><em>ῥέει</em></strong></span> <span class='ocrx_word' id='word_1_243' title='bbox 436 3402 499 3486; x_wconf 78' lang='grc' dir='ltr'><strong><em>μὲν</em></strong></span> <span class='ocrx_word' id='word_1_244' title='bbox 530 3403 568 3468; x_wconf 81' lang='grc' dir='ltr'><strong><em>ἐκ</em></strong></span> <span class='ocrx_word' id='word_1_245' title='bbox 596 3406 657 3466; x_wconf 86' lang='grc' dir='ltr'><strong><em>τοῦ</em></strong></span> <span class='ocrx_word' id='word_1_246' title='bbox 686 3399 790 3484; x_wconf 89' lang='grc' dir='ltr'><strong><em>ὄρους</em></strong></span> <span class='ocrx_word' id='word_1_247' title='bbox 822 3407 885 3468; x_wconf 85' lang='grc' dir='ltr'><strong><em>τού</em></strong></span> <span class='ocrx_word' id='word_1_248' title='bbox 917 3403 1113 3484; x_wconf 83' lang='grc' dir='ltr'><strong><em>Καυκάσου,</em></strong></span> 
     </span>
     <span class='ocr_line' id='line_1_33' title="bbox 154 3501 1114 3590; baseline 0.001 -24"><span class='ocrx_word' id='word_1_249' title='bbox 154 3504 224 3569; x_wconf 78' lang='grc' dir='ltr'><strong><em>ἔστι</em></strong></span> <span class='ocrx_word' id='word_1_250' title='bbox 246 3503 284 3570; x_wconf 69' lang='grc' dir='ltr'><strong><em>δὲ</em></strong></span> <span class='ocrx_word' id='word_1_251' title='bbox 306 3507 466 3587; x_wconf 73' lang='grc' dir='ltr'><strong><em>ποταμοῖν</em></strong></span> <span class='ocrx_word' id='word_1_252' title='bbox 487 3504 638 3588; x_wconf 84' lang='grc' dir='ltr'><strong><em>μέγιστος</em></strong></span> <span class='ocrx_word' id='word_1_253' title='bbox 660 3507 727 3568; x_wconf 81' lang='grc' dir='ltr'><strong><em>τάν</em></strong></span> <span class='ocrx_word' id='word_1_254' title='bbox 752 3504 790 3570; x_wconf 85' lang='grc' dir='ltr'><strong><em>ἐν</em></strong></span> <span class='ocrx_word' id='word_1_255' title='bbox 818 3509 859 3590; x_wconf 80' lang='grc' dir='ltr'><strong><em>τῇ</em></strong></span> <span class='ocrx_word' id='word_1_256' title='bbox 879 3501 987 3589; x_wconf 82' lang='grc' dir='ltr'><strong><em>Ἀσίᾳ,</em></strong></span> <span class='ocrx_word' id='word_1_257' title='bbox 1013 3501 1114 3580; x_wconf 82' lang='grc' dir='ltr'><strong><em>ὅσους</em></strong></span> 
     </span>
    </p>
   </div>
   <div class='ocr_carea' id='block_1_4' title="bbox 0 0 1344 3946">
    <p class='ocr_par' dir='ltr' id='par_1_7' title="bbox 0 0 1344 3946">
     <span class='ocr_line' id='line_1_34' title="bbox 0 0 1344 3946; baseline 0 0"><span class='ocrx_word' id='word_1_258' title='bbox 0 0 1344 3946; x_wconf 95' lang='lat' dir='ltr'><strong><em> </em></strong></span> 
     </span>
    </p>
   </div>
  </div>
 </body>
</html>
