2664 3946
479 238 660 292 ινιοιειω
676 242 700 299 ι,
720 243 760 292 ιι.
1056 239 1098 308 ¹13

216 390 361 468 Δαρεῖος
375 379 425 465 δέ,
440 377 485 459 ώς
499 377 592 471 αὐτῷ
606 381 644 449 τὰ
659 382 794 468 πρώτον
807 378 864 451 ἀτί
875 377 1097 471 Ἀλεξάνδρου
1112 399 1131 450 ο
1202 411 1204 414 ’

134 481 292 569 ἐφοβήθη
314 481 353 550 τδ
377 483 478 570 κέρας
495 481 533 549 τό
552 480 730 569 εὐώνυμον
747 483 804 551 καλ
821 481 927 571 ταότη
946 481 1097 572 ἀπορρη-

133 583 310 670 γνύμενον
339 587 471 651 κατεῖδε
494 585 555 651 τοῦ
581 580 686 652 ἀλλου
710 585 957 672 στρατοπέδου,
988 583 1103 665 εόθδς·

136 681 186 764 ώς
204 682 292 770 εἶχεν
311 685 367 752 ἐπὶ
384 685 445 752 τοῦ
465 681 612 772 ἀρματος
632 684 698 754 σδν
715 700 786 765 τοῖς
803 684 946 772 πρώτοις
965 691 1096 773 ἔφευγε.

105 787 196 854 ικαὶ
216 791 287 854 ἔστε
303 785 366 873 μὲν
384 783 523 871 ὁμαλοῖς
541 793 674 874 χωρίοις
693 789 731 855 έν
744 789 787 875 τῇ
802 789 896 874 φυγῇ
914 787 1131 874 &mina-5

134 914 216 974 νεν,
242 887 298 955 ἐπὶ
315 888 376 955 τοῦ
395 883 541 974 ἅρματος
559 887 743 970 διεσώζετο·
777 885 823 968 ώς
841 887 879 957 δὲ
896 887 1047 977 φάραγξί
1060 913 1098 958 τε

134 990 196 1056 καὶ
214 984 330 1068 ἀλλοις
347 994 550 1074 δυσχωρίαις
569 990 746 1077 ἐνέκυρσε,
770 989 808 1057 τὸ
827 988 890 1076 μὲν
907 986 997 1078 ἀρμα
1010 988 1098 1058 ἀπο-
1151 1049 1152 1056 ,

136 1097 246 1158 λείπει
263 1087 369 1158 αὐτοῦ
390 1087 527 1176 καλιὴν
545 1087 673 1159 ἀσπίδα
690 1090 821 1158 καὶτὸν
834 1091 965 1160 κάνδυν
980 1091 1096 1170 έκδός·

136 1189 158 1258 ό
173 1189 212 1259 δὲ
224 1191 283 1258 καὶ
295 1191 334 1258 τό
351 1188 450 1267 τόξον
463 1188 636 1260 ἀπολείπει
650 1192 706 1260 ἐπὶ
722 1194 783 1258 τοῦ
802 1189 965 1280 ἀρματος·
992 1189 1098 1272 αὐτὸς

96 1317 122 1356 το
138 1290 177 1360 δὲ
203 1296 310 1361 ἵππου
331 1291 448 1379 ἐπιβάς
468 1297 606 1378 ἐφευγε·
637 1293 694 1361 καὶ
712 1289 733 1380 ἡ
749 1291 813 1373 νδξ
831 1291 872 1360 οὐ
891 1292 946 1362 διά
964 1295 1095 1382 μακροῦ

135 1393 358 1482 ἐπιγενομένη
386 1390 542 1478 ἀφείλετο
571 1391 678 1462 αάτδν
705 1391 744 1461 τὰ
769 1393 854 1480 πρός
874 1391 1096 1483 Ἀλεξάνδρου

141 1492 275 1562 ἀλώναι.
316 1493 533 1581 Ἀλέξανδρος
563 1494 630 1583 γάρ
660 1500 733 1564 ἐστε
762 1495 825 1582 μὲν
855 1494 942 1582 φάος
964 1485 1007 1581 ἦν
1030 1493 1130 1565 ἀνάο

137 1595 264 1682 κράτος
283 1598 436 1665 ἐδίωκεν·
476 1594 522 1674 ώς
546 1595 584 1664 δὲ
608 1595 828 1679 συνεσκόταζέ
847 1623 883 1664 τε
901 1595 963 1683 ’ήδη
979 1597 1037 1664 καὶ
1054 1595 1095 1664 τά

138 1698 205 1783 πρὸ
225 1699 341 1766 ποδών
359 1695 473 1784 ἀφανῆ
490 1687 545 1784 ἦν,
565 1699 598 1776 ἐς
615 1697 653 1764 τδ
673 1703 814 1784 ἔμπαλιν
832 1694 1032 1786 ἀπετρέπετο
1051 1696 1097 1778 ώς

100 1823 125 1864 ιι
140 1800 198 1868 ἐπὶ
226 1798 264 1866 τό
294 1797 538 1888 στρατόπεδον,
569 1796 608 1865 τό
631 1799 745 1885 μέντοι
768 1796 858 1888 ἀρμα
882 1798 920 1867 τὸ
945 1806 1096 1887 Δαρείου

141 1906 239 1988 ἐλαβε
268 1901 326 1968 καὶ
356 1900 418 1987 τὴν
446 1898 574 1969 ἀσπίδα
604 1898 651 1968 ἐπ’
683 1897 776 1990 αὐτῷ
801 1899 942 1968 καὶτὸν
965 1900 1097 1970 κάνδυν
1147 1967 1149 1974 ,

138 2003 197 2069 καὶ
209 2001 248 2068 τό
262 1999 369 2080 τόξον.
396 2001 454 2069 καὶ
467 2000 533 2087 γάρ
550 2001 608 2068 καὶ
624 1999 646 2086 ἦ
665 2000 777 2081 δίωξις
794 2003 985 2090 βραδυτέρα
1002 2001 1096 2092 αὐτῷ
1113 2020 1130 2072 ¹1

141 2101 301 2190 ἐγεγόνει,
319 2099 370 2170 ὅτι
388 2104 425 2170 έν
441 2105 483 2190 τῇ
503 2101 619 2190 πρώτη
638 2101 840 2191 παραρρήξει
851 2105 910 2188 τῆς
924 2103 1098 2190 φάλαγγος

141 2204 340 2291 ἐπιστρέψας
370 2204 428 2272 καὶ
457 2200 562 2282 αότδς
592 2201 634 2272 οό
662 2203 814 2292 πρόσθεν
845 2205 879 2282 ἐς
902 2204 941 2272 τὸ
966 2204 1098 2273 διώκειν

100 2327 127 2370 ιο
142 2304 301 2392 ἐτράπετο
319 2305 401 2393 πρὶν
417 2304 497 2383 τοός
514 2331 550 2372 τε
566 2304 797 2394 μισθοφόρους
813 2302 895 2384 τούς
909 2304 1026 2384 ξένους
1039 2306 1097 2373 καὶ

139 2408 178 2475 τὸ
202 2409 272 2473 τῶν
297 2407 440 2492 Περσῶν
467 2405 603 2474 ίππικόν
626 2403 691 2473 ἀπὸ
716 2409 778 2475 τοῦ
803 2407 954 2492 ποταμοῦ
979 2404 1096 2474 ἀπωσ-

139 2509 263 2586 θέντας
280 2511 420 2576 κατεῖδε.

222 2609 297 2677 Τῶν
326 2607 364 2678 δὲ
388 2609 531 2695 Περσῶν
562 2605 736 2677 ἀπίθανον
762 2604 928 2698 Ἀρσάμης
953 2607 1016 2696 μὲν
1039 2609 1132 2678 καλε

135 2706 327 2798 Ῥεομίθρης
349 2710 407 2778 καλ
426 2706 571 2796 ’Λτιζόης
593 2711 662 2777 τών
681 2710 736 2778 ἐπὶ
755 2711 908 2800 Γρανικῷ
927 2707 1096 2799 ἡγησαμέ-

103 2836 210 2879 ωνων
239 2814 300 2879 τοῦ
328 2813 483 2880 ἱππικοῦ·
524 2808 729 2897 ἀποθνήσκει
752 2809 790 2880 δὲ
812 2812 870 2880 καλ
895 2811 1096 2900 Σαβάκηςό

141 2911 322 2998 Αίγόπτου
357 2911 528 2999 σατράπης
557 2912 615 2979 καὶ
646 2911 824 3000 Βουβάκης
852 2914 922 2981 τών
953 2916 1097 3001 ἐντίμων

142 3017 299 3101 Περσῶν·
353 3013 391 3082 τὸ
426 3013 464 3082 δὲ
494 3010 576 3080 ἀλλο
607 3015 735 3099 πλῆθος
765 3021 814 3092 είς
845 3015 926 3082 δέκα
955 3014 1097 3101 μάλιστα

17 3173 20 3189 1
140 3114 306 3202 μυριάδας
323 3117 380 3184 καὶ
400 3117 437 3183 ἐν
453 3113 585 3193 τοότοις
605 3118 717 3194 ἱππεῖς
734 3110 822 3203 ὑπὲρ
839 3114 921 3194 τούς
938 3122 1097 3205 μυρίους,

143 3213 225 3285 ὥστε
250 3217 338 3302 λέγει
361 3223 569 3302 Πτολεμαῖος
599 3214 618 3283 ό
643 3215 780 3302 Λάγου,
812 3216 1096 3304 ξυνεπισπόμενος

105 3317 214 3386 ιοτότε
233 3315 460 3410 Ἀλεξάνδρῳ,
489 3315 571 3395 τούς
593 3317 673 3404 μετά
698 3319 795 3403 σφῶν
818 3315 1002 3396 διώκοντας
1020 3329 1096 3388 Δα-

142 3434 250 3507 ρεῖον,
276 3418 321 3499 ώς
347 3420 402 3488 ε’πὶ
426 3417 582 3507 φάραγγί
601 3444 665 3486 τινι
684 3419 721 3487 ἐν
738 3419 781 3504 τῇ
800 3415 909 3498 διώξει
927 3419 1096 3506 ἐγένοντο,

143 3521 197 3588 ἐπὶ
215 3523 283 3588 τών
299 3523 430 3609 νεκρῶν
447 3522 603 3608 διαβῆναι
620 3519 681 3606 τὴν
695 3517 864 3607 φάραγγα.
891 3518 930 3585 τό
942 3545 979 3586 τε
991 3539 1095 3606 στρα-
1112 3533 1129 3583 ο
