2650 3948
483 210 667 262 εαεεεειε
685 213 710 275 ι,
728 213 770 264 τι.
1059 212 1100 276 41

222 344 272 418 Ού
290 356 431 431 πολλαῖς
445 350 484 419 δὲ
500 347 638 438 ἡμέραις
656 347 799 439 ὕστερον
816 349 881 422 δύο
897 353 966 422 τεόν
981 362 1148 428 Mane-21

139 448 253 518 δόνων
270 447 404 520 ὁπλῖται
421 453 458 519 ἐκ
474 457 533 539 τῆς
547 456 740 539 Περδίκκου
756 451 877 536 τάξεως
891 455 1101 542 ξυσκηνοῦν-

138 551 194 632 τίς
217 577 253 621 τε
277 551 335 622 καὶ
353 551 420 641 ἅμα
444 553 664 642 ξυμπίνοντες
690 546 798 624 αύτόν
814 580 851 623 τε
867 555 924 623 καὶ
937 553 978 624 τά
994 553 1101 625 αύτού

140 651 294 741 ἑκάτερος
313 653 368 723 ἐπὶ
380 653 466 741 μέγα
483 658 530 748 τῷ
547 653 637 747 λόχῳ
652 647 745 742 ἦγεν.
765 660 851 726 ἔνθα
873 654 915 744 δὴ
933 665 1102 747 φιλοτιμία

101 780 114 821 ε
138 781 176 822 τε
195 756 347 824 ἐσπίπτει
360 752 486 842 αύτοῑς,
503 762 563 826 καί
577 783 608 824 τι
623 757 680 824 καὶ
697 751 715 825 ό
733 755 824 838 οἶνος
840 753 1100 846 ύπεθέρμαινεν,

140 850 228 926 ὥστε
244 852 460 945 ὁπλισάμενοι
483 854 578 926 αὐτοὶ
596 859 650 926 ἐπὶ
675 862 773 945 σφόν
790 857 1038 947 προσβάλλουσι
1054 865 1101 950 τῷ

138 963 241 1046 τείχει
264 955 347 1026 κατά
373 956 436 1046 τὴν
461 953 569 1048 άκραν
591 956 653 1046 τὴν
678 957 762 1047 πρός
788 958 936 1030 Μύλασα
959 959 1101 1050 μάλιστα

138 1061 387 1147 τετραμμένην,
415 1056 459 1140 τός
477 1061 633 1142 ἐπίδειξιν
649 1062 708 1146 τῆς
726 1064 823 1148 σφοδν
842 1059 954 1150 ῥύμης
970 1059 1102 1150 μᾶλλόν

138 1187 171 1229 τι
203 1156 239 1248 ἢ
261 1159 347 1250 πρός
377 1167 556 1249 πολεμίους
586 1158 666 1250 μετά
701 1158 865 1230 κινδύνου
895 1159 956 1232 τόν
986 1160 1101 1249 άχῶνα

102 1290 126 1329 ιο
141 1260 365 1350 ποιησόμενοι.
401 1262 456 1330 καὶ
478 1261 619 1342 τούτους
644 1260 834 1342 κατιδόντες
856 1261 944 1342 τινες
969 1266 1038 1334 τῶν
1065 1267 1135 1334 ἐκε

139 1366 199 1450 της
217 1362 345 1443 πόλεως
364 1361 427 1432 δύο
444 1389 480 1432 τε
497 1361 597 1444 ὄντας
614 1364 671 1431 καὶ
688 1361 729 1434 ού
746 1361 810 1446 ξύν
828 1369 975 1456 λογισμῷ
993 1387 1101 1455 προσ-

140 1465 350 1553 φερομένους
374 1468 422 1558 τρῖ
444 1469 542 1552 τείχει
567 1466 793 1536 ἐπεκθέουσιν.
834 1469 870 1534 οί
891 1463 930 1534 δὲ
946 1462 1026 1545 τούς
1038 1465 1102 1554 μὲν

142 1563 245 1652 ἐγγύς
259 1563 468 1646 πελάσαντας
485 1562 694 1652 άπέκτειναν,
712 1563 796 1654 πρός
809 1564 847 1636 δέ
860 1564 940 1646 τούς
953 1561 1101 1653 άφεστη-

140 1665 241 1747 κότας
259 1664 528 1756 ἠκροβολίζοντο,
552 1665 848 1755 πλεονεκτούμενοι
864 1673 911 1760 τῷ
928 1694 964 1738 τε
980 1665 1102 1754 πλήθει

104 1768 200 1835 τεκαὶ
223 1773 285 1836 τού
308 1773 433 1857 χωρίου
457 1772 500 1858 τῇ
526 1765 740 1856 χαλεπότητι,
768 1766 819 1838 ὅτι
844 1769 876 1850 ἐξ
899 1765 1101 1858 ὑπερδεξίου

141 1883 213 1949 τοῖς
237 1874 404 1958 πολεμίοις
429 1865 451 1956 ἡ
478 1869 637 1958 ἐπιδρομή
667 1895 702 1938 τε
731 1868 788 1938 καὶ
816 1865 834 1938 ό
862 1866 1102 1958 ἀκροβολισμός

143 1973 305 2057 ἐγίγνετο.
336 1970 394 2040 καὶ
412 1971 449 2038 ἐν
466 1969 573 2063 τούτῳ
592 1968 814 2040 ἀντεκθέουσί
829 1997 916 2050 τινες
933 1971 990 2040 καὶ
1007 1969 1103 2040 ἄλλοι
1119 1985 1136 2028 8

141 2079 211 2140 τῶν
228 2075 289 2140 τοῦ
307 2076 497 2159 Περδίκκου
516 2077 744 2159 στρατιωτῶν,
770 2072 827 2139 καὶ
851 2065 918 2140 άπό
941 2078 1001 2160 τῆς
1014 2069 1102 2141 Ἀλι-

141 2177 336 2262 καρνασσού
354 2170 448 2242 ἄλλοι
468 2172 524 2241 καὶ
543 2175 722 2261 ξυμπίπτει
744 2170 832 2260 μάχη
850 2171 993 2261 καρτερά
1016 2172 1102 2262 πρός

101 2301 128 2346 ιο
142 2279 191 2367 τῷ
208 2281 327 2363 τείχει·
345 2274 403 2344 καὶ
419 2280 668 2344 κατακλείονται
684 2265 786 2353 αύθις
804 2270 887 2362 πρός
899 2278 969 2342 τόν
982 2283 1100 2344 Μακε-

143 2373 257 2444 δόνων
283 2386 363 2446 είσω
392 2380 461 2444 τεόν
493 2379 611 2444 πυλῶν
643 2378 680 2444 οί
710 2373 982 2462 ἐπεκδραμόντες.
1025 2371 1136 2458 παρτ

142 2475 260 2562 ὀλίγον
291 2477 329 2546 δὲ
357 2468 442 2564 ἦλθε
473 2478 531 2546 καὶ
553 2473 682 2544 άλόναι
710 2472 863 2562 ἡπόλις.
906 2473 1008 2545 τότε
1037 2474 1102 2563 γάρ

141 2583 235 2666 τείχη
260 2579 297 2646 ἐν
319 2583 367 2670 τῷ
390 2577 465 2648 τότε
488 2573 553 2647 ούκ
583 2579 620 2645 ἐν
646 2573 778 2663 ἀκριβεῖ
801 2580 937 2665 φυλακῇ
969 2567 1014 2663 ἦν
1045 2577 1103 2645 καὶ

142 2678 208 2748 δύο
225 2677 349 2767 πύργοι
369 2678 426 2748 καὶ
448 2675 675 2767 μεσοπύργιον
693 2679 726 2756 ἐς
744 2680 868 2764 ἔδαφος
884 2702 1101 2747 καταπεπτω·

100 2805 129 2847 κε
142 2778 226 2849 κότα
242 2777 283 2849 ού
302 2777 449 2867 χαλεπὴν
466 2775 509 2848 ἂν
525 2784 572 2870 τῷ
590 2775 822 2867 στρατεύματι,
840 2784 872 2848 εί
887 2777 978 2848 ἅπαν
997 2804 1101 2865 προς·

141 2881 250 2968 ήψατο
267 2885 328 2950 τού
347 2888 460 2970 ἔργον,
477 2879 538 2967 τὴν
557 2881 591 2960 ἐς
608 2878 646 2948 τό
659 2893 766 2967 τεῖχος
784 2878 934 2970 πάροδον
948 2881 1101 2968 παρέσχε.

142 2979 243 3051 καὶὸ
272 2988 382 3072 τρίτος
409 2981 538 3068 πύργος
570 2981 864 3069 κατασεσεισμένος
897 2977 979 3050 ούδὲ
1004 2972 1102 3060 ούτος

140 3088 294 3172 χαλεπός
311 3080 355 3152 όν
371 3080 520 3172 ἠρείφθη
532 3078 825 3171 ὑπορυσσόμενος·
844 3079 928 3152 ἄλλά
946 3087 1102 3170 ἔφθησαν

30 3210 32 3216 ’
141 3183 208 3272 γάρ
225 3179 301 3254 άντὶ
318 3189 380 3254 τού
398 3181 607 3264 πεπτωκότος
625 3189 756 3270 τείχους
774 3187 904 3252 ἐσωθεν
921 3189 1108 3252 πλίνθινον·

102 3312 128 3354 το
141 3284 314 3374 μηνοειδὲς
323 3281 681 3373 ἀντοικοδομησάμενοι
694 3280 734 3352 ού
749 3288 902 3371 χαλεπάς
915 3281 984 3353 ύπό
998 3294 1100 3351 πολυ-

141 3392 287 3558 κειρίίέδιδ
299 3485 406 3581 τούτῳ
426 3489 527 3574 ἐπῆγε
544 3491 585 3576 τῇ
599 3482 760 3576 ύστεραίηι
777 3483 836 3565 τάς
852 3482 1003 3574 μηχανάς
1013 3481 1099 3554 'Ake‘-
1116 3493 1134 3545 ⁵
