2664 3946
500 260 684 313 ΔΝΔΒΔΣῙΣ
701 263 732 324 2,
750 266 793 314 23.
1077 259 1120 325 93

160 397 206 480 ῶς
223 399 262 470 δὲ
278 397 439 490 άποχρῶν
451 407 501 481 είς
514 402 640 482 πλάτος
655 401 764 490 ἐφάνη
776 405 815 471 τό
830 401 1119 494 παρερρηγμένον,

157 503 219 582 τάς
241 501 305 590 μὲν
325 503 586 592 μηχανοφόρους
608 507 695 583 ναῦς
720 504 901 591 ἐπανάγειν
926 507 1118 574 ἐκέλευσεν·

162 602 179 672 ό
193 604 232 672 δέ
245 604 309 674 δύο
321 602 426 686 ἄλλας
440 607 576 692 ἐπῆγεν,
588 613 629 675 αἳ
638 605 698 685 τάς
707 605 861 694 γεφύρας
874 605 967 698 αύτῷ
983 611 1119 694 ἐφερον,
1135 618 1151 667 2

159 702 201 784 άς
214 705 256 791 δὴ
271 706 462 794 ἐπιβάλλειν
481 707 611 775 ἐπενόει
626 711 675 798 τῷ
693 710 950 798 κατερρηγμένῳ
967 711 1029 775 τοῦ
1046 713 1118 775 τεί-

119 836 133 876 ε
160 833 251 892 χους.
295 809 352 875 καί
377 807 439 894 τήν
462 807 525 894 μὲν
548 815 632 895 μίαν
653 811 724 876 τῶν
746 813 836 878 νεῶν
853 815 890 879 οί
908 807 1118 878 ύπασπισταὶ

161 914 302 997 ἔλαβον,
331 898 354 997 ᾖ
386 910 581 977 ἐπετέτακτο
592 908 780 998 Ἀδμητος,
808 911 871 997 τήν
896 912 1013 1000 ἑτέραν
1036 907 1119 997 δέή

160 1017 291 1079 Κοίνου
314 1009 404 1090 τάξις
427 1014 464 1077 οί
484 1010 666 1097 πεζέταιροι
687 1011 904 1099 καλούμενοι·
930 1013 988 1080 καὶ
1012 1009 1119 1090 αύτὸς

160 1111 223 1190 ξύν
234 1126 307 1190 τοῖς
319 1110 547 1192 ὑπασπισταῖς
561 1112 779 1200 ἐπιβήσεσθαι
789 1116 852 1182 τοῦ
866 1120 1000 1200 τείχους
1013 1102 1037 1201 ή
1051 1137 1118 1180 πα·

161 1219 266 1302 ρείιιοι
280 1219 402 1300 ἔμελλε.
428 1211 489 1292 τάς
504 1213 648 1302 τριήρεις
665 1213 705 1282 δὲ
716 1213 778 1293 τάς
790 1213 853 1301 μέν
868 1218 1020 1283 ἐπιπλεῖν
1033 1213 1118 1282 κατὰ
1136 1229 1152 1278 ³

121 1312 242 1394 ιοτούς
266 1313 402 1402 λιμένας
424 1312 637 1402 άμφοτέρους
660 1312 853 1404 ἐκέλευσεν,
884 1324 919 1384 εί
938 1339 1011 1395 πως
1033 1315 1119 1403 πρὸς

160 1419 250 1502 σφᾶς
272 1415 507 1503 τετραμμένων
529 1421 600 1485 τῶν
623 1423 759 1505 Τυρίων
781 1416 954 1504 βιάσαιντο
977 1415 1038 1485 τόν
1062 1422 1119 1484 έσ-

160 1524 289 1586 πλουν·
308 1513 383 1586 ὅσαι
395 1516 434 1584 δὲ
447 1515 563 1586 αύτῶν
575 1517 657 1606 βέλη
670 1516 738 1586 άπὸ
756 1522 915 1607 μηχανῶν
927 1515 1119 1606 βαλλόμενα

161 1616 253 1704 εἶχον
265 1613 287 1703 ἢ
300 1615 375 1686 ὅσαι
387 1617 525 1699 τοξότας
537 1620 593 1687 ἐπὶ
605 1622 675 1686 τῶν
683 1618 973 1708 καταστρωμάτων
985 1623 1119 1706 ἐφερον,

159 1718 287 1799 ταύτας
304 1718 344 1788 δὲ
358 1719 534 1789 ἐκέλευσεν
554 1723 591 1789 ἐν
608 1718 724 1811 κύκλφ
741 1720 983 1806 περιπλεούσας
995 1720 1034 1788 τό
1048 1734 1119 1788 τεί-

124 1849 149 1889 15
161 1848 219 1908 χος
234 1820 424 1890 ἐποκέλλειν
432 1847 468 1889 τε
477 1819 542 1909 ὅπη
551 1829 704 1909 παρείκοι
712 1823 770 1890 καὶ
784 1820 1010 1908 ἀνακωχεύειν
1024 1819 1120 1900 ἐντός

161 1921 296 2011 βέλους,
315 1922 437 1992 έστετό
457 1924 626 1992 ἐποκεῖλαι
642 1920 772 2011 άπορον
785 1931 948 2011 γίγνοιτο,
967 1921 1013 2002 ῶς
1031 1947 1119 1992 παν-

161 2022 307 2110 ταχόθεν
336 2025 566 2112 βαλλομένους
592 2024 675 2103 τούς
707 2032 855 2114 Τυρίους
882 2028 920 2094 έν
944 2026 992 2116 τῷ
1019 2025 1118 2116 δεινῷ

162 2123 373 2213 ἀμφιβόλους
389 2132 576 2212 γίγνεσθαι.

235 2225 292 2306 Ὡς
309 2225 348 2294 δὲ
365 2231 456 2296 αἵτε
471 2229 549 2312 νῆες
566 2231 607 2296 αί
626 2227 689 2309 ξύν
705 2225 915 2318 Ἀλεξάνδρῳ
933 2225 1119 2314 προσέσχον
1135 2241 1152 2290 ι

124 2356 150 2395 εο
161 2329 203 2416 τῇ
222 2327 317 2396 πόλει
334 2329 445 2397 καλαί
459 2328 606 2416 γέφυραι
625 2328 860 2416 ἐπεβλήθησαν
877 2331 925 2418 τῷ
941 2335 1043 2414 τείχει
1059 2325 1117 2395 εἶπ’

163 2428 290 2516 αὐτῶν,
310 2431 461 2498 ἐνταῦθα
475 2435 511 2498 οί
521 2427 731 2499 ὑπασπισταὶ
745 2427 923 2516 εύρύστως
935 2428 1019 2497 κατὰ
1033 2427 1119 2496 ταύ-

161 2557 222 2610 τας
235 2527 416 2619 άνέβαινον
435 2531 491 2600 ἐπὶ
504 2530 542 2597 τό
557 2546 679 2618 τεῖχος,
697 2528 764 2599 ὅτε
776 2527 1016 2618 γὰρἈδμητος
1033 2527 1120 2617 άνήρ

162 2629 293 2718 ἀγαθός
312 2634 349 2700 ἐν
365 2635 413 2724 τῷ
430 2630 507 2700 τότε
525 2631 656 2717 ἐγένετο
673 2632 730 2700 καὶ
748 2628 817 2718 ἅμα
832 2629 1051 2719 Ἀλέξανδρος
1068 2636 1120 2700 εί-

163 2757 243 2801 πετο
260 2730 390 2820 αὐτοῖς,
407 2737 468 2802 τοῦ
487 2759 523 2800 τε
541 2739 643 2821 ἔργου
656 2731 764 2801 αὐτοῦ
783 2736 953 2822 καρτερῶς
971 2731 1120 2820 άπτόμε·
1213 2781 1216 2788 ·

125 2859 221 2914 ωνος
251 2835 308 2902 καί
333 2833 457 2921 θεατής
482 2835 550 2902 τῶν
577 2831 690 2902 ἄλλων
717 2830 783 2925 ότφ
811 2861 842 2902 τι
863 2833 1018 2922 λαμπρὸν
1043 2831 1116 2903 κατ’

162 2933 284 3024 άρετήν
303 2937 341 3004 ἐν
353 2937 401 3026 τῷ
419 2934 569 3026 κινδύνφ
585 2938 756 3023 ἐτολμᾶτο.
787 2937 845 3005 καὶ
859 2934 966 3024 ταύτη
986 2939 1121 3020 πρῶτον

162 3028 184 3124 ᾖ
219 3038 413 3106 ἐπετέτακτο
440 3034 657 3126 Ἀλέξανδρος
690 3035 821 3124 ἐλήφθη
852 3037 890 3104 τό
920 3051 1046 3125 τεῖχος,
1077 3033 1152 3105 ούο

161 3141 313 3224 χαλεπῶς
337 3135 644 3225 άποκρουσθέντων
660 3135 719 3206 ἀπ’
745 3135 853 3207 αὐτοῦ
878 3141 947 3206 τῶν
972 3144 1119 3227 Τυρίων,

164 3238 276 3325 ἐπειδὴ
290 3240 423 3326 πρῶτον
437 3243 563 3330 βεβαίφ
577 3241 682 3308 τεκαὶ
697 3235 765 3326 ἅμα
779 3235 820 3307 ού
836 3238 944 3326 πάντη
958 3236 1118 3329 άποτόμφ

124 3365 150 3406 ιο
162 3343 202 3428 τῇ
218 3339 399 3428 προσβάσει
414 3337 597 3427 ἐχρήσαντο
611 3344 647 3409 οί
656 3338 862 3420 Μακεδόνες.
889 3338 1118 3428 καὶ”Αδμητος

161 3443 237 3531 μέν,
254 3446 386 3532 πρῶτος
401 3440 518 3528 ἐπιβάς
530 3444 591 3510 τοῦ
606 3448 740 3528 τείχους
753 3442 811 3510 καὶ
824 3456 896 3521 τοῖς
910 3438 990 3528 ἄμφ’
1011 3437 1118 3510 αύτόν

155 3541 419 3631 Ιἐγκελευόμενος
429 3545 624 3632 ἐπιβαίνειν,
638 3542 776 3631 βληθεὶς
791 3541 895 3630 λόγχη
911 3538 1116 3628 ἀποθνήσκει
