2664 3946
484 235 668 286 ιυεειιειε
685 237 710 298 ι,
729 236 770 286 11.
1046 231 1106 297 165

142 391 212 456 τόν
226 387 393 476 Ἑλλήνων
413 389 567 475 φυγόντα
584 387 760 473 σώζεσθαι·
786 391 842 459 καλ
861 387 1107 478 ἀποκρίνασθαι

143 481 246 568 αὖθις
266 493 512 579 Καλλισθένην,
539 497 572 560 εί
597 491 653 559 καὶ
678 489 724 578 μή
750 488 825 581 παρ’
852 490 988 579 ἄλλους,
1016 492 1107 579 πυροί

142 617 181 676 γε
195 588 397 678 Ἀθηναίους
416 589 466 660 ὅτι
484 591 628 680 φυγόντι
646 585 790 681 ὑπάρχει
807 592 980 676 σοι’ζεσθαι.
1025 593 1087 661 κου’
1092 631 1105 642 ·

143 717 222 771 τους
239 691 305 780 γὰρ
331 693 490 779 καὶπρὸς
517 691 702 782 Εὐρυσθέα
720 699 904 782 πολεμῆσαι
924 693 1014 781 ὑπὲρ
1036 697 1105 762 τοῖν

116 798 276 862 επαίδων
299 797 367 862 τῶν
387 792 605 882 Ἡρακλέους,
636 799 870 882 τυραννοῦντα
898 797 935 864 έν
960 799 1007 886 τῷ
1033 795 1106 864 τότε

143 899 203 980 τῆς
226 891 394 974 Ἑλλάδος.

216 989 314 1082 ’Υπὲρ
346 994 384 1064 δέ
409 1001 469 1084 τῆς
500 992 758 1084 προσκυνήσεως
790 994 880 1076 ὅπως
913 995 1140 1084 ήναντιοίθηο

141 1091 361 1188 Ἀλεξάνδρῳ,
387 1099 445 1166 καλ
465 1096 597 1166 τοῖόσδε
615 1100 740 1183 κατέχει
762 1095 870 1184 λόγος.
913 1097 1109 1183 ξυγκεῖσθαι

144 1196 207 1284 μέν
232 1197 297 1286 γὰρ
323 1203 371 1288 τῷ
385 1196 595 1290 Ἀλεξάνδρῳ
613 1199 699 1288 πρὸς
715 1197 796 1278 τούς
820 1199 980 1286 σοφιστάς
997 1225 1034 1268 τε
1051 1197 1107 1266 καὶ

108 1329 133 1368 ιο
146 1299 226 1378 τοδς
253 1295 334 1386 ἄμφ’
362 1299 468 1368 αὐτόν
494 1305 639 1388 Περσων
664 1301 721 1368 καὶ
744 1298 876 1386 Μήδων
901 1300 982 1378 τούς
1015 1305 1107 1368 δοκι-

144 1398 317 1487 μωτάτους
344 1399 478 1488 μνήμην
503 1405 564 1469 τοῦ
591 1400 695 1486 λόγου
721 1404 823 1468 τοῦδε
851 1403 887 1470 έν
920 1399 1013 1493 πότῳ
1048 1403 1107 1486 ἐμ·

144 1508 279 1589 βαλεῖν·
307 1499 403 1588 ἄρξαι
429 1501 467 1570 δέ
492 1507 554 1570 τοῦ
580 1501 684 1587 λόγου
707 1499 922 1589 Ἀνάξαρχον,
951 1499 996 1582 ὥς
1020 1499 1141 1569 πολδο

146 1600 352 1691 δικαιότερον
378 1599 422 1670 ἂν
446 1601 532 1672 θεὸν
553 1601 768 1691 νομιζόμενον
787 1601 1007 1690 Ἀλέξανδρον
1025 1617 1108 1672 Διο-

145 1700 255 1772 νόσου
282 1730 317 1772 τε
342 1705 400 1772 καὶ
422 1701 637 1792 Ἡρακλέους,
662 1704 707 1792 μή
732 1701 867 1772 ὅτιτῶν
886 1709 994 1792 έργων
1011 1706 1108 1772 ἕνεκα

106 1832 132 1872 ιι
146 1801 209 1872 ὅσα
227 1805 284 1874 καὶ
301 1802 402 1892 ἡλίκα
420 1805 692 1892 καταπέπρακται
705 1801 931 1898 Ἀλεξάνδρῳ,
950 1805 1033 1873 όλλδι
1052 1805 1109 1873 καὶ

147 1904 199 1974 ὅτι
217 1904 387 1986 Διόνυσος
406 1913 553 1994 Θηβαῖος
579 1905 641 1993 μὲν
667 1896 727 1993 ήν,
755 1901 858 1974 ου’δέν
881 1933 912 1974 τι
930 1905 1108 1994 προσήκων

147 2006 341 2094 Μακεδόσι,
360 2009 418 2076 καὶ
431 2004 597 2095 Ἡρακλῆς
608 2003 768 2094 Ἁργεῖος,
786 2004 868 2076 οὐδὲ
885 1998 983 2087 οὗτος
1001 2029 1106 2094 προο-

146 2107 256 2196 ήκιον,
289 2105 340 2178 ὅτι
364 2107 410 2196 μή
436 2108 519 2176 κατὰ
547 2108 645 2194 γένος
674 2107 712 2176 τό
741 2107 983 2197 Ἀλεξάνδρου·
1005 2103 1140 2195 Ἡρα-τ

147 2212 284 2296 κλείδην
310 2207 377 2298 γοὶρ
404 2207 490 2278 εἶναι
504 2207 741 2298 Ἀλέξανδρον·
770 2209 973 2289 Μακεδόνας
1000 2209 1038 2279 δέ
1064 2197 1108 2276 αὖ

107 2307 206 2377 ιοτδν
233 2312 329 2397 σφοῖν
360 2311 498 2398 βασιλέα
530 2310 736 2398 δικαιότερον
767 2317 877 2390 θείαις
909 2324 1019 2396 τιμαῖς
1049 2336 1109 2378 κο-

149 2415 326 2496 σμοῦντας.
379 2413 435 2480 καὶ
461 2410 527 2500 γὰρ
554 2409 634 2480 οὐδὲ
663 2414 771 2481 έκεῖνο
804 2409 891 2480 εἶναι
921 2409 1110 2499 ἀμφίλογον

148 2509 198 2579 ὅτι
216 2509 411 2580 ἀπελθόντα
435 2539 473 2598 γε
492 2512 524 2590 ἐξ
545 2509 738 2599 όνθροέπων
757 2509 801 2591 οἷς
818 2511 901 2581 θεδν
918 2511 1110 2600 τιμήσουσι·

149 2610 242 2704 πόσῳ
269 2611 311 2699 δή
338 2613 545 2702 δικαιότερον
569 2619 675 2696 ζῶντα
698 2619 865 2701 γεραίρειν
883 2611 968 2703 ἥπερ
991 2621 1108 2682 τελευ-

148 2712 295 2799 τήσαντα
322 2715 355 2792 ές
381 2711 484 2783 οὐδέν
510 2712 633 2802 ὄφελος
658 2716 704 2806 τῷ
722 2714 906 2807 τιμωμένῳ.

107 2841 134 2884 τε
226 2815 427 2901 Λεχθέντων
453 2815 491 2884 δέ
517 2815 647 2884 τούτων
669 2842 705 2884 τε
730 2818 786 2884 καὶ
810 2815 972 2884 τοιούτων
997 2814 1156 2902 λόγωνΙΙ

149 2913 233 3004 πρός
248 2914 449 3004 Ἀναξάρχου
467 2916 546 2996 τοδς
563 2915 626 3004 μέν
642 2914 882 3004 μετεσχηκότας
903 2922 961 3004 τῆς
984 2922 1109 3004 βουλῆς

151 3019 301 3085 ἐπαινεῖν
326 3013 387 3086 τόν
412 3015 514 3104 λόγον
540 3018 597 3085 καὶ
622 3015 688 3105 ἤδη
716 3019 845 3087 ἐθέλειν
872 3017 1034 3107 ἄρχεσθαι
1050 3023 1110 3104 τῆς

150 3117 421 3207 προσκυνήσεως·
448 3118 529 3198 τοδς
556 3117 757 3199 Μακεδόνας
788 3119 826 3188 δέ
857 3120 937 3198 τοὺς
964 3117 1110 3199 πολλοδς

149 3217 413 3309 ἀχθομένους
442 3218 602 3312 τῷλόγῳ
628 3225 704 3308 σιγῇ
732 3227 827 3308 ἔχειν.
875 3221 1142 3307 Καλλισθένηυκ

110 3349 137 3389 ιο
151 3319 188 3389 δέ
209 3319 443 3408 όπολαβόντα,
466 3318 685 3408 Ἀλέξανδρον
705 3320 785 3408 μέν,
815 3327 940 3408 εἰπεῖν,
967 3312 1109 3391 οἷἈνό-

151 3423 267 3508 ξαρχε,
286 3419 446 3509 οὐδεμιᾶς
464 3419 599 3504 ἀνάξιον
617 3413 795 3508 όποηιαίνω
818 3429 911 3512 τιμῆς
933 3420 1008 3492 ὅσαι
1025 3418 1109 3507 ξύμ·

150 3548 261 3609 μετροι
286 3520 473 3615 ἀνθρώπῳ·
501 3520 584 3592 ἀλλὰ
611 3526 842 3612 διακεκρίσθαι
872 3523 937 3611 γδρ
954 3537 1024 3603 τοῖς
1047 3519 1110 3590 ἄν·
