2590 3948
446 219 631 273 mmm:
649 223 680 286 τ,
699 223 739 274 14.
1010 217 1071 283 311

114 398 223 458 σωσας
253 405 308 465 μοι
338 375 399 446 τόν
434 377 567 463 ἕταίρον
592 374 709 446 ὅντινα
743 387 818 446 ἴσον
849 380 891 466 τῇ
926 378 1074 464 ἐμαυτοῦ

112 483 241 568 κεφαλῇ
257 471 351 566 ἦγον.
394 480 556 564 ἐναγίζειν
571 504 606 546 τε
621 478 671 546 ὅτι
684 477 737 546 ἀεὶ
755 476 799 558 ὦς
816 475 904 566 ἥρωι·
921 479 1074 547 ἐκέλευεν
1092 494 1105 541 τ

111 580 340 668 Ἡφαιστίωνι,
365 581 465 648 τοῦτο
490 578 554 667 μὲν
577 577 662 668 πρός
693 582 761 647 τῶν
792 587 958 648 πλείστων
989 578 1073 647 άυα-

112 683 310 770 γέγραπται·
330 685 366 749 οί
377 681 414 750 δὲ
425 683 581 767 λέγουσιν
595 679 643 748 ότι
653 681 710 748 καὶ
725 678 959 768 εἰς”Αμμωνος
973 687 1073 768 ἐπεμ-

87 798 177 865 ειγεν
212 783 435 869 ἐρησομένους
466 783 527 850 τὸν
553 782 636 851 θεὸν
663 787 695 850 εί
719 783 776 850 καὶ
803 779 848 862 οἱς
876 784 947 873 θεῷ
974 781 1074 850 θόειν

116 898 287 971 συγχωρεῖ
307 881 537 970 Ἡφαιστίωνι·
577 881 637 951 τόν
665 881 703 950 δέ
729 882 769 950 ου’
798 887 1022 970 συγχωρῆσαι.

184 981 315 1054 Ἐκεῖνα
325 983 364 1052 δέ
377 983 460 1072 πρὸς
474 982 610 1052 πάντων
619 983 900 1071 ξυμφωνούμενα,
918 987 950 1064 ἐς
960 990 1074 1074 τρίτην
1091 993 1108 1041 8

111 1083 181 1155 άπὸ
207 1090 269 1154 τοῦ
302 1083 456 1153 θανάτου
483 1089 545 1152 τοῦ
570 1083 813 1171 Ἡφαιστίωνος
840 1083 968 1172 ἡμέραν
993 1085 1075 1172 μήτε

113 1196 211 1256 σίτου
233 1186 423 1272 γεύσασθαι
445 1179 662 1271 Ἀλέξανδρον
688 1185 769 1272 μήτε
794 1184 870 1253 τινά
887 1194 1075 1273 θεραπείαν

73 1316 98 1354 ιο
113 1287 219 1374 άλλην
245 1289 455 1374 θεραπεῦσαι
479 1286 517 1354 τό
545 1289 658 1373 σῶμα,
690 1285 777 1354 άλλδι
803 1297 936 1355 κεῖσθαι
961 1287 1028 1374 γάρ
1054 1282 1075 1372 ἢ

112 1387 322 1476 ὀδυρόμενον
334 1384 355 1474 ἢ
366 1391 533 1468 πενθικῶς
542 1391 704 1474 σιγῶντα·
723 1387 779 1455 καί
794 1387 908 1475 πυράν
920 1392 1077 1456 κελεῦσαι
1122 1418 1124 1423 ·

113 1489 205 1581 αὐτῷ
250 1488 474 1576 ἑτοιμάζεσθαι
515 1491 552 1559 ἐν
586 1495 769 1578 Βαβυλῶνι
802 1486 867 1557 άπδ
902 1488 1076 1556 ταλάντων

113 1597 262 1679 μυρίων,
289 1595 326 1659 οί
349 1589 387 1658 δέ
411 1590 469 1658 καὶ
495 1589 671 1660 πλειόνων
691 1589 903 1679 ἀνέγραψαν·
939 1589 998 1659 καὶ
1024 1587 1108 1656 ότι9

113 1693 237 1770 πένθος
253 1701 422 1760 ποιεῖσθαι
439 1694 637 1780 περιηγγέλη
655 1692 739 1759 κατά
758 1696 870 1759 πᾶσαν
883 1688 946 1776 τὴν
960 1691 1076 1777 χάραν

75 1785 174 1879 ιετῆν
200 1793 388 1880 βάρβαρον·
432 1793 488 1860 καὶ
522 1791 574 1860 ότι
599 1793 717 1860 πολλοὶ
743 1795 811 1860 τῶν
840 1793 981 1879 ἑταίρων
1006 1793 1077 1859 τάν

111 1892 332 1982 Ἀλεξάνδρου
366 1894 400 1973 ἐς
437 1898 622 1982 θεραπείαν
655 1891 718 1978 τὴν
754 1896 884 1962 ἐκείνου
921 1897 1009 1981 σφᾶς
1040 1917 1077 1962 τε

113 1992 240 2075 αότοδς
267 1994 324 2063 καὶ
348 1992 389 2062 τά
418 1992 505 2062 ὅπλα
519 1992 738 2082 Ἡφαιστίωνι
755 1991 923 2064 άνέθεσαν
942 1993 1076 2062 άποθα·

112 2096 222 2165 νόντι·
262 2097 396 2184 πρῶτον
418 2095 456 2163 δὲ
483 2091 619 2184 Εόμένη
646 2093 743 2184 άρξαι
767 2097 829 2164 τοῦ
857 2102 1075 2182 σοφίσματος,

112 2189 228 2266 ὅντινα
262 2191 367 2289 όλίγφ
394 2197 546 2284 πρόσθεν
573 2203 701 2284 ἔφαμεν
727 2193 776 2265 ότι
802 2198 961 2284 διηνέχθη
989 2195 1075 2283 πρός
1168 2235 1178 2256 .

72 2327 99 2366 το
109 2292 354 2384 Ἡφαιστίωνα·
388 2298 444 2366 καλ
469 2301 570 2366 τοῦτο
599 2298 636 2366 δὲ
654 2303 786 2385 δρᾶσαι,
803 2299 851 2388 τῷ
866 2295 1076 2387 Ἀλεξάνδρῳ

113 2399 159 2479 ὥς
177 2397 230 2489 ,μὴ
260 2399 445 2487 ἐφήδεσθαι
463 2403 578 2487 δοκοίη
596 2393 832 2484 τελευτήσαντι
846 2395 1075 2484 Ἡφαιστίωνι.

113 2498 242 2569 οὔκουν
275 2499 357 2568 οὐδὲ
382 2497 487 2568 άλλου
511 2498 586 2568 τινά
612 2501 724 2580 ἔταξεν
742 2496 818 2566 άντλ
833 2491 1078 2585 Ἡφαιστίωνος
1096 2513 1128 2562 10

113 2609 286 2689 χιλίαρχον
313 2601 368 2670 ἐπὶ
386 2602 428 2688 τῇ
448 2604 541 2690 ίππφ
558 2605 601 2688 τῇ
621 2601 766 2688 ἑταιρικῇ
782 2598 1012 2688 Ἀλέξανδρος,
1031 2592 1078 2680 άς

112 2702 158 2791 μὴ
193 2701 350 2770 άπόλοιτο
385 2700 423 2768 τὸ
459 2698 567 2787 ὄνομα
600 2705 662 2768 τοῦ
685 2699 928 2788 Ἡφαιστίωνος
957 2703 994 2770 ἐκ
1019 2705 1077 2788 τῆς

72 2832 99 2876 τε
113 2804 251 2884 τάξεως·
287 2801 372 2870 άλλά
388 2800 631 2888 Ἡφαιστίωνός
651 2826 687 2872 τε
704 2799 725 2889 ἡ
744 2809 909 2890 χιλιαρχία
929 2804 1077 2872 ἐκαλεῖτο

112 2904 169 2972 καὶ
194 2905 233 2972 τὸ
269 2918 409 2991 σημείου
436 2899 542 2989 αὐτῆς
568 2902 681 2991 ἡγεῖτο
708 2901 746 2972 τό
775 2904 808 2983 ἐξ
832 2901 1077 2991 Ἡφαιστίωνος

112 3005 348 3092 πεποιημένον.
394 3001 512 3089 άγάνά
536 3030 572 3073 τε
599 3003 726 3073 ἐπενόει
750 3009 885 3092 ποιησαι
911 3001 1078 3093 γυμνικόν

112 3133 149 3175 τε
167 3109 223 3175 καί
241 3104 405 3194 μουσικὸν
422 3105 543 3193 πλήθει
560 3131 595 3174 τε
613 3111 681 3173 τῶν
700 3102 953 3193 ἀγωνιζομένων
966 3107 1022 3174 καὶ
1035 3107 1076 3194 τῇ

113 3212 160 3287 είς
178 3205 282 3275 αότὸν
300 3216 443 3298 χορηγίᾳ
461 3206 552 3276 πολό
568 3210 687 3275 τιτῶν
705 3205 819 3274 άλλων
836 3212 905 3275 τῶν
923 3205 1077 3292 πρόσθεν

74 3339 99 3378 ao
113 3306 365 3396 ἀριδηλότερον·
391 3316 595 3396 τρισχιλίους
612 3305 678 3397 γάρ
692 3305 881 3392 άγωνιστάς
894 3305 976 3386 τοδς
990 3306 1077 3394 ξάμ-

113 3434 240 3489 παντας
258 3411 496 3498 παρεσκεύασε.
537 3411 594 3478 καλ
612 3399 705 3477 οὗτοι
722 3403 843 3494 όλίγον
860 3406 1004 3495 ὕστερον
1022 3403 1075 3475 ἐπ’

108 3507 331 3600 Ἀλεξάνδρον
369 3517 415 3605 τῷ
447 3509 544 3603 τάφφ
577 3509 735 3597 λέγουσιν
769 3507 820 3578 ὅτι
853 3507 1075 3596 ἠγωνίσαντο.
