2678 3950
234 259 299 323 266
591 255 841 315 Δαυεεαοεου

238 416 305 508 [διὰ
330 421 389 504 τῆς
410 413 606 505 Ἀραχάτων
632 413 688 482 καί
706 411 877 504 Δράχχοιν
902 410 995 502 χής]·
1029 411 1130 495 αὐτὸς
1157 412 1202 485 6}

235 519 389 587 κατέπλει
423 520 456 596 ἐς
480 515 541 604 τήν
574 517 795 586 Μουσικανοῦ
823 513 1044 602 ἐπικράτειαν,
1078 512 1200 601 ήντινα

235 614 540 706 εὐδαιμονεστάτην
566 623 625 704 τῆς
639 615 755 686 Ἰνδῶν
781 620 842 703 γῆς
866 613 950 684 εἶναι
970 617 1197 705 ἐξηγγέλλετο,

235 717 286 788 ότι
310 717 405 788 οῦπω
431 716 510 788 οὔτε
535 715 715 804 ἀπηντήκει
740 713 833 808 αὐτῷ
857 715 1077 796 Μουσικανός
1103 719 1193 786 ἐνδι-

236 819 317 900 δοῦς
350 816 453 888 αῦτόν
486 844 522 888 τε
547 819 603 888 καὶ
628 817 690 905 τήν
715 816 828 906 χώραν
855 814 934 886 οῦτε
961 819 1113 907 πρέσβεις
1141 818 1199 888 ἐπὶ
1226 848 1239 888 ε

236 929 332 1011 φιλίᾳ
357 920 525 1008 ἐκπέμπει,
552 917 636 989 οῦδέ
649 946 680 986 τι
696 916 773 987 οῦτε
791 915 891 998 αὐτὸς
911 919 1096 1007 ἐπεπόμφει
1113 914 1136 986 66
1154 916 1199 1006 δή
1314 929 1315 1012 ή

236 1021 370 1114 μεγάλῳ
387 1028 520 1110 βασιλεῖ
535 1019 635 1108 είκός,
654 1017 732 1089 οῦτε
743 1044 774 1088 τι
789 1014 902 1108 ᾐτήκει
917 1023 950 1103 ἐξ
962 1017 1198 1108 Ἀλεξάνδρου.

204 1135 219 1183 ⁶
240 1126 297 1193 καὶ
322 1131 472 1209 γίγνεται
498 1119 593 1214 αὐτῷ
619 1115 638 1191 6
667 1125 773 1200 πλοῦς
799 1118 882 1189 κατά
907 1120 969 1191 τόν
994 1119 1145 1209 ποταμόν
1164 1122 1199 1202 ἐς
1314 1147 1315 1202 ι

236 1223 373 1294 τοσόνδε
399 1223 668 1310 ἐσπουδασμένος
695 1219 778 1290 ῦστε
805 1227 894 1308 ἔφθη
921 1223 976 1292 ἐπὶ
1000 1239 1070 1303 τοῖς
1088 1221 1197 1310 ὁρίοις

235 1325 394 1414 γενέσθαι
425 1330 485 1412 τής
515 1327 736 1396 Μουσικανοῦ
767 1321 877 1410 χώρας
909 1326 991 1413 πρίν
1023 1325 1199 1392 πυθέσθαι
1213 1353 1239 1394 ιο
1314 1313 1315 1368 s

236 1423 456 1500 Μουσικανὸν
474 1422 523 1494 ότι
541 1423 686 1514 ὥρμηται
705 1421 749 1504 ῦς
771 1421 823 1494 ἐπ’
848 1421 955 1492 αὐτόν
970 1419 1198 1512 Ἀλέξανδρος.
1269 1443 1273 1450 ’
1314 1467 1315 1508 3

235 1527 325 1599 οῦτοι
351 1527 394 1614 δή
419 1527 595 1612 ἐκπλαγεὶς
612 1525 694 1594 κατὰ
713 1523 811 1612 τάχος
829 1522 961 1611 άπήντα
976 1523 1198 1618 Ἀλεξάνδρῳ,

236 1627 330 1717 δῦρά
356 1654 392 1696 τε
417 1626 458 1695 τά
476 1633 634 1696 πλείστου
653 1623 728 1708 άξια
746 1623 826 1716 παρ’
842 1625 961 1708 Ἰνδοῖς
979 1633 1122 1715 κομίζων
1138 1627 1198 1696 καὶ

236 1731 315 1810 τοῦς
342 1728 522 1814 ἐλέφαντας
549 1728 743 1815 ξύμπαντας
769 1726 863 1814 ἄγαν
888 1729 946 1797 καὶ
971 1727 1009 1797 τό
1038 1735 1137 1811 ἐθυος
1162 1753 1199 1797 τε

238 1832 295 1900 καὶ
327 1827 433 1898 αῦτόυ
468 1828 619 1909 ἐνδιδοῦς
645 1830 703 1898 καὶ
728 1828 901 1919 ὁμολογῶν
933 1826 1133 1918 ἄδικελν,”
1113 1853 1239 1918 οπεριτ

239 1931 393 2019 μέγιστον
423 1929 502 2018 παρ’
545 1922 805 2052 Ἀλεξάνδρςο
785 1957 829 2017 ην
860 1931 894 2010 ἐς
925 1930 963 1998 τὸ
997 1943 1113 2018 τυχεῖν
1147 1956 1198 1998 ων

204 2045 219 2094 ⁷
239 2059 287 2110 τις
305 2031 420 2099 δέοιτο.
447 2021 562 2099 καὶ
522 2057 585 2098 ουν
602 2035 658 2100 καὶ
673 2035 881 2120 Μουσικανοῦ
900 2031 955 2099 ἐπὶ
972 2035 1086 2100 τοῖσδε
1104 2028 1198 2099 άδεια

240 2131 343 2218 ἐδόθη
378 2132 411 2212 ἐξ
434 2128 672 2221 Ἀλεξάνδρου,
704 2133 761 2200 καὶ
764 2131 864 2260 τήν
876 2129 975 2201 πόλιν
1002 2131 1198 2218 ἐθαυμασεν

234 2233 451 2322 Ἀλέξανδρος
467 2231 579 2300 καὶ
541 2260 603 2318 την
620 2233 744 2322 χάραν,
768 2235 824 2303 καὶ
842 2229 954 2318 άρχειν
973 2232 1075 2320 αὐτῆς
1095 2241 1197 2302 Μον-

237 2339 363 2426 σικαυῷ
382 2338 493 2404 ἔδωκε.
522 2333 692 2422 Κράτερος
710 2333 748 2404 δὲ
766 2336 803 2403 ἐν
820 2335 861 2423 τῇ
881 2333 977 2403 πόλει
994 2334 1118 2422 ἐτάχθη
1134 2331 1198 2420 τήν
1209 2367 1239 2408 ιο

236 2435 344 2526 ἄκραν
370 2437 561 2523 ἐκτειχίσαι·
596 2435 653 2503 καὶ
674 2433 838 2522 παρόντος
858 2440 905 2504 ἐτι
923 2439 1088 2524 ἐτειχίσθη
1101 2433 1198 2506 Ἀλε-

237 2537 384 2626 ξάνδρου
403 2537 459 2604 καὶ
479 2535 613 2623 φυλακή
627 2535 825 2622 κατεστάθη,
839 2533 889 2604 ὅτι
904 2537 1089 2624 ἐπιτήδειον
1103 2530 1196 2604 αῦτη

239 2638 346 2726 ἐφάνη
368 2635 406 2705 τὸ
432 2644 556 2725 χωρίον
584 2640 617 2716 ἐς
642 2636 680 2705 τὸ
706 2635 902 2723 κατέχεσθαι
919 2636 960 2706 τά
980 2636 1094 2728 κῦκλφ
1113 2641 1197 2727 ἔθνη

238 2735 481 2825 φυλαττόμενα.

188 2853 228 2918 16
304 2837 429 2908 Ἔνθεν
455 2836 495 2906 66
520 2836 700 2924 άναλαβῦν
725 2837 805 2919 τοῦς
831 2865 867 2908 τε
890 2838 1025 2922 τοξότας
1042 2839 1099 2908 καί
1116 2836 1240 2920 τοῦςεσ

235 2937 411 3026 Ἀχριῦνας
437 2939 494 3007 καὶ
516 2937 579 3026 τήν
602 2943 706 3008 ἵππον
723 2938 783 3060 τήν
801 2937 870 3028 άμα
887 2936 923 3009 οἷ
939 2941 1109 3009 πλέουσαν
1127 2942 1178 3022 ἐξε
1179 2977 1199 2990 -

238 3039 355 3107 λαόνει
373 3037 482 3106 ἐπὶ
445 3065 507 3108 τον
524 3038 696 3128 νομάρχην
721 3045 780 3128 τῆς
804 3041 912 3132 ταῦτη
938 3047 1011 3128 γῆς,
1038 3039 1142 3129 ὄνομα
1158 3040 1199 3111 66

237 3133 282 3228 ἦν
300 3138 539 3226 ’οξυκανός,”
520 3165 569 3208 οτι
587 3136 670 3228 μήτε
687 3139 790 3221 αῦτός
808 3139 931 3228 άφλκτο
948 3142 1029 3230 μήτε
1045 3143 1200 3230 πρέσβεις

238 3238 320 3328 παρ’
362 3237 470 3310 αὐτοῦ
502 3266 584 3326 ηκον
624 3241 808 3321 ἐνδιδόντες
841 3241 948 3312 αῦτὸν
979 3269 1016 3311 τε
1047 3242 1103 3311 καὶ
1135 3241 1200 3328 τήν

203 3343 361 3430 ἐχοίμαν.
400 3339 464 3410 δόο
490 3340 552 3428 μὲν
577 3341 618 3428 δή
643 3340 703 3422 τάς
729 3349 886 3468 μεχίστας
912 3344 1020 3423 πόλεις
1044 3349 1111 3412 τῶν
1128 3341 1199 3412 ῦπῦ
1214 3387 1241 3429 ς,

237 3447 285 3532 τῷ
308 3440 480 3534 Ὀξνκανῷ
510 3443 542 3524 ἐξ
561 3440 684 3530 ἐφόδου
701 3445 784 3512 κατὰ
802 3445 923 3532 κράτος
943 3451 1078 3532 ἐλαβεν·
1106 3445 1203 3516 ἐνδέ

237 3549 281 3633 τῇ
309 3545 404 3634 ἑτέρα
430 3541 558 3613 τοῦτον
583 3544 640 3613 καί
666 3541 766 3626 αότὸς
782 3538 963 3628 Ὀξυκανός
983 3545 1078 3615 ἑάλω.
1123 3544 1203 3616 666
