2678 3950
491 213 675 266 εωεειειε
692 217 721 276 ε,
741 216 782 266 ιε.
1049 212 1112 278 225

149 373 219 441 τών
247 375 284 442 έν
309 375 350 460 τῇ
378 370 494 461 πρώτη
521 377 697 460 προσβολῇ
723 372 916 460 γενομένων
935 374 968 452 ές
987 369 1111 458 ὀγδοή-

151 501 252 543 κοντα
278 473 419 562 μάλιστα
437 467 629 542 ἀπέθανον·
659 477 771 552 ίππεῖς
789 471 828 541 δὲ
845 476 913 542 τῶν
931 471 993 559 μὲν
1010 478 1111 542 ι’ππο-

151 575 307 661 τοξοτῶν,
327 581 364 644 οἳ
379 574 420 660 δὴ
437 575 494 644 καὶ
513 575 637 662 πρῶτοι
654 581 716 643 τού
736 580 835 662 ἔργον
854 572 996 660 ἥψαντο,
1015 575 1110 642 δέκα·

152 680 211 764 τῆς
237 674 276 744 δὲ
303 676 468 764 ἑταιρικῆς
495 679 602 744 ἵππου
630 673 717 763 ἀμφὶ
742 672 824 756 τούς
843 683 960 744 εἴκοσι·
987 677 1056 744 τών
1074 673 1113 744 δὲ

127 775 265 845 οάλλων
294 778 423 845 ἱππέων
451 773 496 856 ώς
523 777 695 846 διακόσιοι.

233 879 349 967 Πῶρος
376 876 415 946 δὲ
439 877 566 966 μεγάλα
593 885 673 966 ἔργα
700 880 736 948 ἐν
759 879 801 967 τῇ
819 877 909 968 μάχη
928 873 1147 958 &amassai-4

151 1005 250 1067 μενος
288 977 333 1066 μὴ
364 975 415 1046 ὅτι
446 984 652 1068 στρατηγοῦ,
693 977 779 1048 ἀλλά
811 981 867 1048 καὶ
907 978 1110 1067 στρατιώτου

152 1086 332 1168 γενναίου,
361 1079 406 1160 ώς
432 1083 500 1148 τῶν
526 1106 561 1150 τε
589 1080 719 1149 ίππέων
744 1078 806 1148 τὸν
838 1079 947 1168 φόνον
979 1084 1111 1149 κατεῖδε

152 1181 208 1250 καλ
234 1185 303 1250 τῶν
340 1179 532 1267 ἐλεφάντων
557 1179 639 1260 τούς
660 1180 723 1268 μὲν
749 1179 858 1250 αύτού
884 1181 1109 1268 πεπτωκότας,

114 1306 139 1346 ιο
152 1280 232 1362 τούς
258 1281 296 1352 6>
324 1282 468 1370 ἐρήμους
491 1287 560 1350 τῶν
577 1280 752 1370 ἡγεμόνων
769 1283 921 1371 λυπρούς
939 1291 1111 1370 πεπλανη-

152 1385 288 1472 μένους,
306 1388 377 1452 τώυ
394 1382 432 1453 δὲ
449 1387 555 1468 πεζῶν
573 1381 665 1476 αύτῷ
684 1387 721 1474 ολ
731 1391 869 1464 πλείους
881 1382 1111 1470 ἀπολώλεσαν,

153 1483 217 1571 οὐχ
242 1474 329 1575 ᾗπερ
348 1496 492 1571 Δαρεῖος
519 1483 537 1553 ὁ
564 1487 667 1572 μέγας
693 1483 851 1574 βασιλεύς
874 1485 1023 1572 ἐξάρχων
1040 1498 1111 1564 τοῖς

153 1583 238 1673 ἀμφ’
268 1584 375 1654 αὐτὸν
401 1589 459 1673 τῆς
485 1589 597 1672 φυγῆς
623 1584 805 1676 ἀπεχώρει,
833 1583 918 1654 ἀλλά
947 1591 1019 1655 ἔστε
1045 1585 1146 1673 γάρο

152 1686 302 1774 ύπέμενέ
324 1713 355 1755 τι
380 1690 448 1755 τών
470 1685 589 1756 Ἰνδών
614 1689 650 1756 έν
667 1692 711 1776 τῇ
728 1686 817 1776 μάχη
836 1686 1050 1776 ξυνεστηκός,
1079 1690 1112 1767 ἐς

116 1811 142 1852 ιε
154 1787 294 1858 τοσόνδε
321 1786 590 1878 ἀγωνισάμενος,
620 1790 825 1877 τετρωμένος
852 1787 891 1857 δὲ
915 1787 975 1856 τὸν
1002 1787 1112 1867 δεξιὸν

10 1875 12 1892 ’
155 1880 258 1978 ὦμον,
285 1884 325 1958 ὃν
339 1887 384 1976 δὴ
402 1889 534 1978 γυμνὸν
559 1889 666 1978 μόνον
694 1896 779 1977 έχων
806 1893 844 1960 ἐν
864 1891 906 1978 τῇ
925 1887 1013 1978 μάχη
1032 1888 1109 1960 ἀνε-

155 1993 315 2080 στρέφετο
342 1988 422 2079 (ἀπὸ
449 1988 515 2081 γάρ
533 1995 594 2060 τού
613 1989 719 2060 ἀλλον
738 1989 890 2079 σώματος
907 1988 1001 2080 ἤρκει
1019 1989 1111 2083 αύτῷ

154 2091 195 2160 τά
222 2094 303 2182 βέλη
330 2091 349 2162 ὁ
374 2091 502 2182 θώραξ,
530 2091 682 2179 περιττός
710 2088 757 2162 ἀν
775 2092 859 2160 κατά
876 2118 912 2160 τε
929 2092 992 2179 τὴν
1011 2091 1113 2178 ίσχύν

154 2193 211 2262 καὶ
224 2195 286 2279 τὴν
300 2192 478 2282 ἁρμονίαν,
494 2193 539 2274 ώς
552 2193 696 2283 ὕστερον
709 2205 917 2282 καταμαθεῖν
929 2195 1113 2280 θεωμένοις

116 2287 225 2383 οοῆν),
255 2294 330 2364 τότε
356 2293 397 2382 δὴ
423 2295 480 2363 καὶ
506 2292 610 2375 αὐτὸς
636 2293 799 2383 ἀπεχώρει
827 2293 1026 2386 ἐπιστρέψας
1052 2293 1112 2362 τόν

157 2397 331 2482 ἐλέφαντα.
358 2397 414 2464 καὶ
430 2394 646 2486 Ἀλέξανδρος
663 2398 770 2483 μέγαν
786 2422 822 2464 τε
840 2389 945 2464 αύτόν
963 2401 1023 2463 καί
1033 2422 1112 2480 γεν·
1130 2424 1146 2474 ς
1164 2445 1167 2449 -

155 2513 254 2566 ναῖον
281 2495 389 2585 ἀνδρα
417 2497 500 2565 ἰδών
528 2499 565 2565 έυ
591 2503 633 2586 τῇ
664 2497 752 2585 μάχη
780 2499 885 2568 σώσαι
911 2496 1111 2584 ἐπεθύμησε.

156 2599 277 2686 πέμπει
309 2597 350 2683 δὴ
383 2597 462 2686 παρ’
498 2595 603 2667 αύτόν
636 2603 751 2685 πρῶτα
782 2596 844 2683 μὲν
875 2597 1019 2685 Ταξίλην
1053 2595 1112 2666 τὸν

153 2695 256 2769 Ἰδόυ·
311 2697 368 2766 καί
407 2699 547 2787 Ταξίλης
589 2696 841 2786 προσιππεύσας
876 2695 930 2786 ἐφ’
966 2695 1047 2770 ὅσον
1080 2703 1117 2770 ολ

117 2819 143 2862 τε
157 2799 304 2888 ἀσφαλές
330 2801 485 2888 ἐφαίνετο
501 2803 549 2892 τῷ
569 2801 725 2887 ἐλέφαντι
742 2797 779 2880 ὃς
797 2805 894 2888 έφερε
910 2798 970 2867 τὸν
987 2801 1114 2888 Πῶρον

158 2903 333 2990 ἐπιστῆσαί
355 2927 391 2974 τε
415 2899 512 2987 ἠξίου
539 2897 577 2969 τὸ
602 2908 737 2991 θηρίον,
764 2897 804 2970 ού
823 2899 889 2988 γάρ
907 2898 999 2969 εἶναί
1014 2905 1051 2970 ολ
1067 2908 1114 2971 ἔτι

157 3003 307 3090 φεύγειν,
333 3001 390 3070 καὶ
408 3001 550 3072 ἀκοῦσαι
566 3006 635 3072 τών
653 3001 732 3092 παρ’
749 3000 972 3090 Ἀλεξάνδρου
990 3002 1111 3088 λόγων.

156 3103 174 3172 ὁ
203 3103 241 3172 δὲ
268 3103 351 3172 ίὸών
377 3099 487 3191 ἀνδρα
514 3103 639 3191 ἐχθρὸν
666 3107 702 3173 έκ
720 3109 865 3174 παλαιού
883 3102 944 3172 τὸν
967 3104 1145 3192 Ταξίληντ

158 3204 358 3294 ἐπιστρέψας
391 3203 535 3292 ἀνήγετο
569 3204 613 3284 ώς
649 3204 853 3274 ἀκοντίσων·
892 3203 949 3274 καὶ
981 3200 1024 3272 ἀν
1056 3207 1114 3274 καὶ

117 3307 337 3375 οοκατέκανεν
362 3306 484 3394 τυχόν,
511 3313 544 3376 εί
567 3306 611 3394 μὴ
637 3305 844 3393 ὑποφθάσας
872 3307 999 3386 ἐκεῖνος
1024 3304 1112 3394 ἀπή-

157 3415 259 3476 λασεν
293 3403 360 3474 ἀπὸ
394 3409 455 3475 τού
484 3407 610 3496 Πώρου
644 3407 759 3498 πρόσω
785 3407 845 3476 τὸν
872 3410 986 3475 ἵππον.
1019 3403 1113 3477 Ἀλέ-

157 3509 300 3595 ξανδρος
326 3505 364 3576 δὲ
390 3505 471 3576 ούθὲ
499 3509 554 3576 ἐπὶ
572 3511 657 3599 τῷδε
681 3511 728 3600 τῷ
748 3507 860 3602 Πώρφ
878 3507 1020 3597 χαλεπὸς
1039 3509 1112 3596 ἐγί·

207 3628 336 3669 mm.
883 3624 914 3672 15
