2678 3950
207 192 268 256 182
564 191 815 250 ΔΛΕΞΑΝΔΡΟΤ

204 352 261 419 καλ
286 349 498 438 ὑπερύψηλοι
523 350 637 418 ἐλάται
659 340 746 437 ἦσαν
771 353 808 419 ἐν
832 349 945 442 κύκλῳ
968 355 1030 418 τοῦ
1048 346 1169 438 ὄρους)

204 459 368 540 κλίμακας
396 454 431 520 ἐκ
457 449 588 520 τούτων
616 453 739 538 ἐποίει,
773 448 818 530 ῦς
843 451 992 520 κάθοδον
1019 449 1105 518 εἶναι
1133 455 1168 530 ἐς

204 553 266 641 τὴν
292 551 450 641 φάραγγα
475 557 516 641 τή
544 557 697 642 στρατιᾷ·
725 550 766 620 οῦ
793 549 859 641 γάρ
885 543 927 640 ήν
951 549 1060 630 άλλως
1083 578 1167 619 κατ-

172 669 188 716 4
206 663 320 722 ελθεῑν
339 656 371 733 ἐς
389 651 508 740 αῦτήν.
536 655 593 722 καὶ
611 651 670 733 τάς
687 653 750 740 μὲν
763 646 888 742 ἡμέρας
902 651 1167 733 αύτδςἈλέξαν·

207 761 287 843 δρος
312 755 495 841 ἐφειστήκει
518 760 566 845 τῷ
593 761 702 845 ἔργῳ,
731 753 769 822 τὸ
791 753 893 842 ἥμισυ
924 757 986 823 τοῦ
1019 758 1166 842 στρατοῦ
1180 781 1196 823 ε

207 863 293 943 ἔχων
309 855 545 944 ἐργαζόμενον·
559 855 619 935 τάς
633 855 671 924 δὲ
683 853 810 935 νύκτας
825 858 861 924 ἐν
870 856 963 943 μέρει
972 859 1166 942 ολοωματο-

206 957 355 1044 φύλακες
380 953 472 1048 αύτῷ
496 957 687 1044 εἰργάζοντο
707 962 898 1044 Περδίκκας
921 983 958 1024 τε
981 957 1038 1053 καὶ
1058 966 1166 1026 Λεον-

205 1056 305 1136 νάτος
329 1057 385 1124 καὶ
411 1065 619 1144 Πτολεμαῖος
637 1056 656 1126 δ
676 1056 793 1143 Λάγου
810 1061 857 1148 τῷ
876 1061 980 1148 λοιπῷ
999 1060 1089 1145 μέρει
1106 1061 1167 1144 τῆς

207 1159 374 1246 στρατιάς,
407 1164 501 1247 τριχῆ
529 1159 797 1250 διανενεμημένῳ
824 1155 905 1247 ὅπερ
929 1158 1021 1249 αύτῷ
1047 1161 1080 1237 ἐς
1104 1157 1166 1244 τήν

205 1259 313 1328 νύκτα
332 1261 537 1329 ἐπετέτακτο.
581 1257 708 1345 ήνυτον
726 1257 763 1326 δέ
781 1262 840 1345 τής
858 1258 984 1347 ἡμέρας
1002 1258 1043 1328 ού
1062 1267 1165 1327 πλέον
1180 1289 1208 1329 ιο

206 1359 291 1450 ήπερ
314 1371 417 1431 εἴκοσι
443 1361 556 1447 πήχεις
579 1360 637 1427 καὶ
654 1361 712 1446 τής
729 1360 855 1440 νυκτδς
873 1359 991 1446 ὀλίγον
1008 1357 1166 1446 άποδέον,

37 1497 41 1506 ·
120 1514 123 1521 -
208 1471 316 1531 καίτοι
334 1461 509 1550 ξυμπάσης
526 1465 584 1547 τής
603 1462 1012 1549 στρατιάς-ἐργαζομένης·
1031 1458 1167 1530 οῦτωτό

208 1591 242 1632 τε
259 1571 384 1652 χωρίον
402 1561 531 1651 άπορον
548 1554 594 1648 ήν
611 1563 668 1632 καὶ
685 1563 723 1630 τδ
743 1568 841 1651 ἔργον
857 1566 893 1632 ἐν
906 1559 999 1653 αύτῷ
1008 1562 1165 1647 χαλεπόν.

173 1681 188 1729 5
206 1665 376 1742 κατιόντες
391 1662 428 1732 δέ
444 1665 477 1742 ἐς
490 1662 720 1751 τήνφάραγγα
729 1663 924 1744 πασσάλους
933 1663 1166 1750 κατεπήγνυον

207 1769 240 1844 ἐς
269 1763 307 1832 τῦ
332 1762 495 1844 ὀξύτατον
516 1767 575 1850 τής
601 1763 788 1852 φάραγγος,
815 1766 984 1852 διέχοντας
1010 1759 1165 1850 ἀλλήλων
1180 1793 1205 1834 ιε

205 1863 287 1933 ὅσον
314 1865 502 1954 ξύμμετρον
528 1864 618 1954 πρὸς.
642 1865 742 1950 ίσχύν
768 1892 803 1934 τε
828 1867 884 1933 καὶ
916 1864 1062 1952 ξυνοχήν
1096 1867 1166 1934 τῶν

103 1993 115 2034 .·
207 1967 488 2053 ἐπιβαλλομένων.
530 1967 714 2054 ἐπέβαλλον
739 1965 777 2034 δὲ
800 1967 971 2052 πλέγματα
991 1969 1026 2035 ἐκ
1050 1965 1165 2052 λύγων

206 2075 255 2147 εἰς
280 2068 433 2156 γεφύρας
459 2067 599 2155 μάλιστα
625 2069 733 2154 ι’δέαν,
758 2067 815 2134 καὶ
837 2071 943 2135 ταῦτα
961 2069 1165 2148 ξυνδοῦντες

205 2172 290 2256 χοῦν
316 2166 449 2238 ῦνωβεν
475 2168 683 2256 ἐπεφόρουν,
706 2161 751 2246 ιδς
777 2169 810 2248 ἐξ
834 2164 963 2254 ὁμαλοῦ
988 2177 1166 2254 γίγνεσθαι

205 2275 247 2359 τῇ
274 2273 411 2359 στρατιᾷ
437 2268 499 2357 τήν
526 2269 695 2358 πρόσοδον
720 2266 784 2356 τήν
815 2271 900 2357 πρδς
931 2269 993 2356 τήν
1027 2271 1206 2359 πέπρακτο

170 2388 187 2436 6
284 2375 329 2440 Οί
352 2370 389 2440 δὲ
415 2370 583 2461 βάρβαροιΙ
595 2369 636 2438 τά
654 2369 716 2458 μέν
735 2375 850 2458 πρῦτα
867 2371 1101 2459 κατεφρόνουν
1120 2370 1165 2451 οἱς

205 2469 337 2563 άπόρον
362 2473 470 2560 πάντη
494 2477 555 2542 τοῦ
581 2471 832 2560 ἐγχειρήματος·
861 2470 906 2553 ὥς
925 2471 963 2540 δὲ
980 2473 1166 2560 τοξεύματα

204 2572 267 2661 ήδη
287 2580 336 2652 εἰς
353 2571 416 2659 τήν
440 2574 566 2662 πέτραν
590 2576 779 2654 ἐξικνοῦντο
803 2575 861 2642 καὶ
885 2571 984 2642 αύτολ
1002 2572 1167 2642 άδύνατοι

204 2665 290 2760 ἦσαν
308 2673 442 2760 άνωθεν
461 2675 621 2762 ἐξείργειν
644 2670 725 2754 τοῦς
744 2673 947 2754 Μακεδόνας
961 2672 1166 2762 (ἐπεποίητο

205 2775 271 2861 γάρ
298 2773 414 2853 αύτοῑς
441 2773 706 2862 προκαλύμματα
733 2774 818 2864 πρός
843 2773 883 2843 τά
909 2777 1003 2864 βέλη,
1030 2775 1077 2856 οἱς
1099 2775 1162 2844 ύπ’
1179 2806 1207 2846 25

206 2869 323 2955 αύτοῖς
349 2869 507 2963 άβλαβάς
535 2872 742 2962 ἐργάζεσθαι)
769 2877 944 2962 ἐκπλαγεὶς
962 2875 980 2946 δ
999 2878 1167 2965 Χοριήνης

205 2975 290 3064 πρὸς
316 2974 357 3044 τά
385 2976 566 3065 γιγνόμενα
593 2977 723 3066 κήρυκα
753 2977 873 3066 πέμπει
904 2977 988 3067 πρδς
1010 2977 1166 3060 Ἀλέξαν-

208 3081 301 3167 δρον,
321 3075 477 3165 δεόμενος
493 3077 675 3168 Ὀξυάρτην
688 3083 723 3148 οί
740 3076 950 3167 ἀναπέμψαι·
970 3079 1027 3147 καὶ
1045 3082 1167 3168 πέμπει

173 3192 188 3242 ⁷
203 3175 386 3266 Ὀξυάρτην
402 3176 630 3268 Ἀλέξανδρος.
659 3179 728 3248 δδέ
748 3178 952 3269 ἐφικόμενος
972 3187 1083 3250 πείθει
1097 3191 1165 3252 Xo-

206 3279 323 3369 ριήνην
340 3280 724 3372 ἐπιτρέψαιἈλεξάνδρῳ
739 3281 843 3350 αύτόν
857 3309 893 3350 τε
906 3283 963 3350 καὶ
977 3278 1015 3349 πδ
1029 3289 1165 3370 χωρίον.
1179 3309 1206 3350 το

205 3389 264 3473 βίᾳ
283 3381 345 3470 μὲν
363 3382 428 3470 γάρ
443 3381 546 3451 ούδέν
565 3380 628 3449 ὅτι
644 3380 707 3469 ούχ
721 3381 853 3452 άλωτδν
867 3380 1165 3474 εἷναιἈλεξάνδρῳ

204 3485 260 3550 καὶ
277 3489 319 3572 τῇ
338 3488 474 3574 στρατιᾷ
497 3488 540 3572 τῇ
566 3485 713 3551 ἐκείνου·
752 3486 784 3563 ἐς
808 3491 918 3552 πίστιν
944 3482 982 3552 δέ
1007 3483 1165 3566 ἐλθόντος

1225 1583 1229 1590 ,

1322 3179 1325 3337 Ι

1165 3840 1171 3864 ,
