2678 3950
495 260 678 312 εαιΒκαιΣ
696 264 720 326 ε,
739 263 778 314 ιε
977 257 987 270 ’
1052 261 1116 326 265

155 441 191 486 τε
209 421 470 504 προσγίγνονται
483 415 690 509 Ἀλεξάνδρῳ
708 415 933 507 τριακόντοροι
946 418 1002 488 καὶ
1015 427 1116 488 πλοῖα

156 517 348 606 στρογγύλα
379 515 481 604 ἀλλα,
521 515 542 587 ά
574 517 616 606 δὴ
650 521 687 588 ἐν
718 517 865 608 Ξάθροις
897 519 1116 607 ἐναυπηγήθη

158 617 267 710 αὐτῷ,
300 625 337 687 οἳ
367 617 408 705 δὴ
442 619 500 686 καί
532 617 614 687 ἀλλο
649 625 748 700 ἔθνος
778 617 896 689 Ἰνδῶν
927 619 1116 709 αὐτόνομον

156 719 426 808 προσεχώρησαν.
476 721 534 789 καὶ
560 721 650 810 παρά
674 717 878 809 Ὀσσαδίων,
911 721 968 789 καὶ
993 721 1115 791 τοῦτον

129 820 278 906 εγένονς
304 818 493 908 αὐτονόμου
515 819 678 909 Ἰνδικοῦ,
711 823 864 911 πρέσβεις
889 814 992 908 ἧκον,
1024 824 1115 891 εὐδι-

156 919 272 1000 δόντες
297 921 355 988 καὶ
381 911 475 990 οὗτοι
500 921 580 1002 τοῦς
603 920 811 1002 Ὀσσαδίους.
866 928 1023 1016 Φιλίππῳ
1054 923 1149 1011 μδνθ

154 1020 197 1110 δη
223 1027 282 1108 τῆς
309 1028 512 1109 σατραπείας
539 1021 640 1112 ὄρους
668 1025 760 1104 ἔταξε
784 1021 844 1102 τάς
868 1023 1037 1112 συμβολάς
1054 1029 1116 1094 τοῦ

153 1148 191 1192 τε
212 1119 385 1192 Ἀκεσίνου
412 1124 469 1192 καί
490 1121 621 1212 Ἰνδοῦ,
653 1125 709 1193 καὶ
735 1121 908 1193 ἀπολείπει
933 1123 996 1206 ξῦν
1022 1123 1117 1216 αὐτῷ

154 1223 236 1302 τοῦς
261 1248 297 1291 τε
323 1227 459 1313 Θρᾷκας
485 1223 612 1305 πάντας
637 1227 694 1294 καί
713 1229 750 1296 ἐκ
767 1229 836 1293 τῶν
851 1224 977 1306 τάξεων
993 1223 1066 1295 ὅσοι
1084 1230 1117 1307 ἐς

115 1351 142 1392 ιο
156 1322 313 1412 φυλακὴν
343 1327 402 1411 τῆς
434 1323 544 1412 χῶρας
577 1327 688 1394 ίκανοὶ
719 1327 908 1412 ἐφαίνοντο.
958 1325 1056 1395 πόλιν
1081 1354 1117 1397 τε

73 1447 76 1454 ·
158 1429 310 1495 ἐνταῦθα
327 1432 437 1494 κτίσαι
457 1428 631 1496 ἐκέλευσεν
646 1421 699 1495 ἐπ’
717 1424 806 1515 αὐτῇ
819 1428 861 1514 τῇ
880 1427 1030 1517 ξυμβολῇ
1041 1442 1116 1498 τοίν

156 1540 333 1612 ποταμοῖν,
362 1528 498 1607 ἐλπίσας
524 1527 673 1616 μεγάλην
689 1553 725 1596 τε
744 1534 880 1598 ἔσεσθαι
896 1529 952 1597 καί
971 1531 1116 1616 ἐπιφανῆ

158 1629 191 1706 ἐς
212 1623 429 1714 ἀνθρώπους,
449 1627 506 1696 καὶ
524 1633 929 1716 νεωσοίκουςποιηθῆναι.
958 1631 995 1700 ἐν
1007 1629 1115 1721 τούτῳ
1133 1654 1149 1701 3

157 1725 195 1795 δὲ
208 1728 265 1795 καί
274 1726 453 1816 Ὀξυάρτης
467 1727 485 1796 ὁ
499 1728 672 1817 Βάκτριος,
686 1728 873 1818 όῬωξάνης
886 1734 943 1817 τῆς
956 1731 1115 1816 γυναικός

117 1853 143 1895 τε
154 1822 377 1914 Ἀλεξάνδρου
408 1829 535 1919 πατήρ,
574 1820 634 1917 ἧκε
665 1828 746 1918 παρ’
777 1829 1012 1919 Ἁλέξανδρον·
1057 1832 1115 1902 καὶ

156 1936 379 2016 προστίθησιν
417 1927 511 2021 αῦτςό
544 1936 843 2020 Παραπαμισαδῶν
882 1931 1113 2021 σατραπεύειν,

156 2027 348 2112 ἀπαλλάξας
372 2031 565 2120 Τιρνάσπην
590 2029 650 2100 τόν
676 2032 828 2122 πρόσθεν
854 2033 1039 2120 σατράπην,
1064 2031 1116 2102 ότι

156 2129 220 2200 οῦκ
265 2133 302 2200 ἐν
346 2131 459 2225 κόσμῳ
497 2134 688 2221 ἐξηγεῖσθαι
726 2133 819 2225 αὐτῷ
859 2130 878 2203 ό
925 2135 1116 2223 ’.Γιρυάσπης

157 2231 341 2321 ἐξήγγελτο.

116 2360 143 2402 ιο
225 2329 339 2404 Ἔνθα
359 2333 400 2420 δὴ
422 2334 615 2424 διαβιβάσας
629 2334 804 2425 Κράτερόν
816 2335 921 2404 τεκαὶ
938 2340 998 2423 τῆς
1013 2355 1113 2423 στρα-
1133 2361 1149 2409 4

156 2439 227 2514 τιάς
253 2434 316 2520 τὴν
341 2435 471 2522 πολλὴν
496 2438 553 2505 καὶ
576 2435 657 2516 τοῦς
684 2437 866 2522 ἐλέφαντας
885 2435 937 2504 ἐπ’
958 2431 1115 2525 ἀριστερά

156 2538 219 2604 τοῦ
242 2533 355 2604 Ἰνδοῦ
384 2542 550 2623 ποταμοῦ,
577 2534 625 2605 ότι
650 2534 866 2624 εῦτοροότερά
891 2562 927 2606 τε
951 2537 1057 2625 ταῦτη
1076 2537 1117 2606 τά

139 2687 141 2692 ,
158 2633 249 2723 παρά
277 2634 339 2704 τόν
365 2634 516 2724 ποταμόν
535 2642 672 2727 στρατιᾷ
689 2645 810 2728 βαρείᾳ
829 2639 984 2724 ἐφαίνετο
1000 2639 1056 2706 καὶ
1074 2637 1114 2706 τά

159 2743 242 2824 ἔθνη
267 2735 308 2805 τά
333 2740 578 2826 προσοικοῦντα
604 2736 644 2808 οῦ
671 2737 778 2826 πάντη
810 2745 906 2825 φίλια
931 2729 987 2826 ἦν,
1014 2735 1116 2820 αὐτὸς

118 2863 145 2906 ιε
156 2841 312 2908 κατέπλει
331 2840 364 2918 ἐς
381 2842 450 2907 τῶν
465 2838 609 2925 Σόγδων
627 2836 664 2906 τό
684 2846 862 2926 βασίλειον.
889 2841 947 2908 καί
965 2841 1116 2908 ἐνταῦθα

158 2937 258 3008 πόλιν
296 2963 332 3007 τε
364 2940 513 3026 ἐτείχιζεν
544 2937 648 3026 ἀλλην
681 2941 738 3008 καί
770 2946 974 3021 νεωσοίκους
1014 2943 1117 3011 ἐποίει

160 3038 283 3122 ἀλλους
310 3041 366 3108 καλ
391 3038 432 3108 τά
459 3048 561 3110 πλοῖα
587 3039 679 3134 αὐτῷ
710 3039 751 3110 τά
786 3041 1005 3130 πεπονηκότα
1038 3045 1116 3112 ἐπε-

159 3141 342 3227 σκευάσθη.
374 3146 432 3228 τῆς
450 3140 488 3210 δέ
514 3139 579 3210 ἀπό
597 3145 663 3210 τῶν
682 3143 860 3231 ξυμβολῶν
877 3147 938 3212 τοῦ
955 3170 990 3212 τε
1004 3142 1116 3214 Ἰνδοῦ

158 3243 215 3310 καὶ
238 3238 410 3312 Ἀκεσίνου
437 3241 547 3330 χώρας
573 3247 647 3312 ἐστε
673 3245 729 3312 ἐπὶ
745 3244 924 3313 θάλασσαν
942 3243 1114 3331 σατράπην

117 3371 144 3412 ιο
158 3342 329 3424 ἀπέδειξεν
343 3342 526 3432 Ὀξυάρτην
551 3344 607 3412 καὶ
625 3351 787 3416 Πείθωνα
813 3343 875 3427 ξῦν
899 3350 942 3433 τῇ
968 3351 1115 3434 παραλίᾳ

158 3443 252 3534 πάση
279 3448 338 3530 τῆς
360 3441 479 3514 Ἰνδῶν
504 3446 576 3531 γῆς.

232 3546 300 3616 Καὶ
310 3545 481 3636 Κράτερον
493 3545 556 3636 μὲν
570 3545 727 3636 ἐκπέμπει
735 3537 836 3628 αῦθις
849 3546 913 3632 ξῦν
921 3549 962 3636 τῇ
978 3546 1115 3636 στρατιᾷ
1132 3575 1149 3625 ς
