2678 3950
488 243 674 296 ΑΝΑΒΑΣΙΣ
692 247 718 308 ι,
737 246 778 300 ει,
1054 245 1112 309 187

151 396 194 469 ἂν
211 399 309 468 ἄλλαι
326 398 437 480 πόλεις
455 399 500 488 μὴ
521 401 657 469 ἑκοῦσαι
669 406 890 490 προσχωρῶσι
903 403 960 470 καὶ
974 402 1015 471 τά
1030 405 1113 473 κατὰ

151 501 211 590 τὴν
235 501 350 589 χώραν
375 498 465 581 ὅπως
489 501 750 589 ξυμφορώτατον
770 505 803 582 ἐς
820 503 862 571 τά
880 503 1029 592 παρόντα
1053 532 1113 574 κο·

156 616 263 691 σμεῖν.

229 698 345 783 Αάτδς
364 703 413 790 δέ,
437 700 531 788 άγων
555 701 637 783 τοδς
655 701 869 784 ὑπασπιστάς
892 732 928 773 τε
951 705 1008 774 καὶ
1032 705 1164 787 τοδς24

125 805 289 886 ετοξότας
311 805 367 873 καλ
385 802 466 884 τοῶς
481 801 658 892 Ἀγριᾶνας
682 807 738 874 καὶ
762 806 824 892 τὴν
843 813 972 874 Κοίνου
998 834 1033 876 τε
1058 808 1114 876 καί

151 903 311 976 Ἀττάλου
338 905 431 986 τάξιν
451 907 511 974 κοιλ·
532 908 601 973 τῶν
627 908 757 974 ἱππίων
780 907 818 974 τδ
843 905 954 995 όιγημα
971 911 1028 977 καὶ
1046 911 1118 977 τῶν

154 1005 267 1075 ἄλλων
293 1009 436 1094 ἑταίρων
462 1009 494 1086 ἐς
511 1007 674 1094 τέσσαρας
692 1007 833 1096 μάλιστα
853 1014 1036 1099 ἱππαρχίας
1058 1011 1115 1079 καὶ
1205 1054 1207 1058 -

153 1113 222 1176 τῶν
243 1111 470 1190 ἱπποτοξοτῶν
487 1106 569 1187 τοδς
586 1107 737 1196 ἡμίσεας,
756 1107 802 1188 ῶς
817 1111 873 1178 ἐπὶ
890 1108 950 1178 τδν
963 1109 1116 1198 ποταμόν

153 1209 214 1277 τόν
225 1208 391 1278 Εάάσπλα
403 1207 606 1299 προύχώρει,
621 1204 679 1278 ἱνα
694 1210 711 1276 ὁ
725 1209 989 1279 τῶνἈσπασίων
1002 1211 1116 1300 ὕπαρ·

116 1337 141 1376 ιο
154 1337 210 1396 χος
228 1301 286 1396 ἦν·
313 1312 371 1379 καὶ
390 1309 536 1379 διελθών
559 1310 688 1398 πολλὴν
712 1309 796 1378 όδδν
821 1315 1014 1399 δευτεραῖος
1032 1310 1114 1400 άφί-

154 1438 229 1480 κετο
253 1410 338 1500 πρός
361 1410 424 1498 τὴν
446 1412 557 1482 πόλιν.
597 1417 634 1482 οἱ
654 1411 692 1480 δὲ
715 1411 879 1501 βάρβαροι
902 1413 1149 1500 προσάγονταε

155 1511 578 1602 αἱσθόμενοιἏλέξανδρον
590 1512 817 1601 ἐμπρήσαντες
831 1513 892 1601 τὴν
901 1514 999 1584 πόλιν
1012 1521 1117 1602 ἔφευ-

156 1641 219 1701 γον
237 1615 322 1702 πρὸς
347 1614 388 1682 τά
413 1613 485 1702 ὅρη.
531 1619 567 1683 οἱ
587 1613 625 1682 δὲ
642 1612 729 1700 ἄμφ’
747 1613 969 1703 Ἀλέξανδρον
987 1625 1118 1702 εἴχοντο

156 1720 225 1784 τῶν
243 1715 443 1802 φευγόντων
463 1722 536 1784 ἔστε
554 1715 609 1784 ἐπὶ
633 1715 673 1782 τά
692 1713 771 1803 όρη,
799 1716 856 1784 καὶ
880 1717 986 1803 φόνος
1010 1717 1118 1797 πολδς

119 1842 145 1882 τε
158 1825 307 1903 γίγνεται
331 1819 401 1884 τῶν
424 1816 624 1905 βαρβάρων,
657 1817 740 1906 πρὶν
767 1819 800 1895 ἐς
832 1817 891 1897 τὰς
925 1822 1118 1908 δυσχωρίας

158 1918 288 2006 φθάσαι
313 1916 535 1997 ἀπελθόντας.

239 2018 307 2089 Τδν
322 2019 360 2088 δὲ
372 2018 524 2107 ἡγεμόνα
540 2018 644 2088 αὐτὸν
657 2022 726 2087 τῶν
739 2018 845 2108 ταύτῃ
857 2017 974 2088 Ἰνδῶν
988 2027 1118 2090 Πτολε·
1135 2039 1151 2086 3

157 2137 254 2210 μαῖος
272 2119 290 2188 ό
312 2120 430 2207 Λάγου
448 2119 533 2204 πρός
550 2148 614 2189 τινι
630 2119 693 2207 ἤδη
716 2119 855 2211 γηλόφῳ
874 2121 1020 2189 κατιδών
1037 2119 1119 2189 όντα

157 2225 215 2291 καὶ
228 2226 297 2290 τῶν
309 2219 532 2291 ὑπασπιστῶν
545 2227 634 2291 ἔστιν
649 2218 709 2300 οὓς
730 2219 815 2308 ἄμφ’
832 2218 939 2289 αώτδν
953 2221 1016 2303 ξῶν
1030 2222 1118 2290 πολδ

116 2349 146 2388 το
161 2324 331 2393 ἐλάττοσιν
349 2321 451 2403 αάτδς
470 2317 518 2391 ῶν
536 2321 627 2411 ὅμως
646 2325 785 2391 ἐδίωκεν
804 2327 852 2391 ἔτι
870 2325 905 2390 ἐκ
918 2324 979 2390 τοῦ
995 2326 1118 2391 ἱππον·

160 2423 204 2505 ώς
222 2423 259 2493 δὲ
285 2421 430 2509 χαλεπός
447 2417 465 2492 ό
484 2423 632 2510 γήλοφος
654 2426 700 2514 τῷ
727 2428 820 2514 ἱππφ
838 2420 1046 2510 άναδραμεῐν
1064 2416 1119 2511 ἦν,

158 2531 282 2594 τοῦτον
311 2523 374 2610 μὲν
398 2522 505 2593 αὐτοῦ
530 2530 746 2609 καταλείπει,’
759 2522 934 2611 παραδοός
960 2551 1024 2592 τινι
1050 2529 1119 2592 τῶν

158 2624 380 2710 ὑπασπιστῶν
396 2624 504 2711 άγειν·
532 2622 634 2705 αάτδς
653 2624 692 2694 δὲ
710 2617 756 2704 ῶς
774 2623 842 2712 εἶχε
855 2623 950 2707 πεζδς
962 2630 1010 2715 τῷ
1020 2624 1119 2718 Ἰνδῷ

161 2732 281 2797 εἵπετο.
326 2720 344 2794 ό
371 2725 477 2808 δδςώς
502 2727 686 2809 πελάζοντα
708 2723 772 2814 ἤδη
796 2730 928 2796 κατεῖδε
945 2725 1008 2794 τόν
1027 2734 1154 2796 nvo-4

117 2850 147 2891 ω
161 2837 318 2916 λεμαίον,
350 2825 454 2908 αὐτός
480 2855 516 2896 τε
542 2827 738 2916 μεταβάλλει
766 2830 799 2908 ἐς
825 2825 862 2896 τό
896 2832 1037 2914 ἔμπαλιν
1062 2828 1120 2896 καὶ

160 2935 196 2999 οἱ
218 2927 426 2997 ὑπασπισταὶ
459 2928 523 3011 ξάν
556 2923 660 3020 αάτῷ.
713 2929 770 2997 καὶ
797 2925 815 2996 ό
842 2927 904 3016 μὲν
925 2926 1032 3008 Ἰνδός
1058 2931 1119 2997 τοῦ

159 3037 373 3117 Πτολεμαίου
398 3029 452 3098 διά
469 3033 530 3099 τοῦ
554 3031 712 3120 θώρακος
735 3037 825 3098 παίει
843 3032 878 3097 ἐκ
897 3027 1006 3118 χειρδς
1026 3031 1059 3108 ἐς
1081 3026 1119 3098 τδ

160 3135 285 3220 στῆθος
310 3133 419 3223 ξυστῷ
442 3134 573 3223 μακρῷ,
596 3131 653 3200 καὶ
671 3129 689 3200 ὁ
707 3131 824 3218 θώραξ
849 3135 924 3216 ἔσχε
947 3129 1009 3216 τὴν
1033 3137 1120 3217 πλη·

160 3233 240 3319 γήν·
269 3240 477 3320 Πτολεμαῖος
501 3231 539 3303 δὲ
555 3233 616 3301 τόν
633 3229 742 3320 μηρὸν
762 3229 906 3318 διαμπάξ
924 3229 1040 3318 βαλών
1057 3236 1120 3298 τοῶ

119 3334 267 3403 εοἸνδοῦ
286 3333 485 3423 καταβάλλει
501 3362 536 3404 τε
553 3335 609 3402 καὶ
627 3331 785 3404 σκυλεύει
802 3329 916 3399 αότόν.
942 3330 987 3409 ῶς
1006 3330 1045 3400 δὲ
1061 3330 1120 3399 τδν
1139 3351 1154 3399 ο

160 3433 309 3523 ἡγεμόνα
329 3439 426 3521 σφῶν
443 3442 599 3522 κείμενον
618 3439 654 3502 οἱ
670 3430 755 3520 ἄμφ’
776 3430 882 3501 αὐτόν
900 3429 1005 3520 εἶδον,
1030 3421 1122 3500 οὗτοι

161 3535 223 3610 μὲν
250 3533 363 3604 οὐκέτι
392 3541 524 3623 ἔμενον·
553 3540 589 3603 οἱ
612 3534 651 3603 δὲ
678 3536 801 3604 ἐκτῶν
826 3532 919 3618 όρῶν
942 3531 1121 3617 αἰρόμενον
