2678 3950
210 243 274 308 214
560 242 812 299 ΑΛΕΞΑΝΔΡου

211 400 570 487 κατεστρατοπεδεύκει
601 399 686 487 πρός
718 405 761 489 τῇ
793 397 879 486 ὄχθη
905 405 967 468 τοῦ
990 393 1170 485 Ὑδάσπου,

214 510 300 590 ἔγνω
327 501 496 581 όδόνατος
525 494 574 569 οἷν
600 506 741 588 περᾶσαι
765 497 834 568 όπδ
862 499 1015 587 πλήθους
1040 527 1077 568 τε
1102 503 1171 569 τῶν

213 603 406 691 ἐλεφάντων
432 604 490 671 καλ
517 601 567 671 ὅτι
593 602 700 687 πολλὴ
719 601 857 689 στρατιά
875 603 932 669 καὶ
951 599 1036 688 αὕτη
1052 629 1169 688 τεταγ-

103 761 106 768 .
213 707 296 792 μένη
321 705 432 772 τεκαὶ
450 699 594 792 άκριβῶς
613 702 802 790 όπλισμένη
822 706 1036 791 ἐκβαίνουσιν
1054 701 1172 783 αὐτοῖς

179 823 195 870 κ
215 806 434 891 ἐπιθήσεσθαι
460 811 611 892 ἔμελλεν·
647 807 740 873 οἵτε
766 809 863 872 ’ίπποι
888 803 951 872 οόκ
968 800 1010 873 άν
1030 804 1172 884 ἐδόκουν
1199 829 1212 870 ε

214 906 307 998 αὐτῷ
326 908 483 991 ἐθελῆσαι
500 904 581 974 οὐδὲ
600 908 755 992 ἐπιβῆναι
771 911 830 992 τῆς
856 903 959 993 ὄχθης
975 907 1035 991 τῆς
1053 907 1171 991 πέραν,

214 1008 462 1096 προσκειμένων
488 1014 606 1093 σφίσιν
628 1004 734 1085 εόθδς
758 1011 827 1074 τῶν
846 1005 1037 1093 ἐλεφάντων
1054 1009 1112 1074 καὶ
1130 1009 1171 1094 τῇ

213 1135 249 1177 τε
275 1105 350 1190 ὄψει
376 1105 443 1194 ἅμα
468 1107 525 1176 καὶ
548 1112 590 1196 τῇ
609 1110 708 1195 φωνῇ
728 1108 942 1195 φοβούντων,
969 1102 1044 1176 οὐδ’
1064 1104 1107 1175 ἂν
1127 1115 1172 1176 ἐτι

214 1208 364 1296 πρόσθεν
385 1223 496 1296 μεῖναι
518 1209 574 1278 ε’πλ
594 1214 663 1276 τῶν
684 1211 858 1295 διφθερῶν
878 1207 961 1276 κατὰ
977 1208 1038 1277 τὸν
1052 1208 1172 1296 πόρον,

214 1309 290 1378 ἀλλ’
324 1313 471 1397 ἐκπηδᾶν
503 1309 568 1398 γάρ
596 1312 629 1388 ἐς
654 1309 693 1377 τδ
719 1307 813 1394 ὕδωρ
840 1309 1033 1398 ἀφορῶντες
1065 1312 1172 1396 πέραν
1187 1337 1212 1377 ιο

180 1410 294 1490 ετούς
321 1413 505 1497 ἐλέφαντας
533 1417 693 1498 ἔκφρονες
719 1410 919 1497 γιγνόμενοι.
958 1411 1078 1489 κλέψαι
1110 1402 1173 1479 οὖν

216 1512 344 1581 ἐπενόει
356 1513 419 1597 τὴν
433 1511 587 1597 διάβασιν
602 1501 667 1580 ὧδε
679 1511 844 1598 πράττων.
870 1511 1005 1598 νάκτωρ
1018 1537 1174 1598 παραγα-

213 1613 285 1699 γοδν
309 1611 395 1701 άλλη
419 1615 475 1680 καὶ
499 1611 586 1701 άλλη
610 1614 668 1699 της
692 1610 796 1698 ὄχθης
819 1610 901 1692 τούς
931 1612 1079 1691 πολλοὺς
1105 1615 1173 1680 τῶν

216 1716 346 1783 ἱππέων
372 1714 456 1800 βοήν
481 1741 517 1781 τε
537 1716 640 1782 ἐποίει
662 1714 719 1781 καὶ
738 1712 914 1799 ἠλαλάζετο
932 1717 979 1804 τῷ
998 1709 1173 1804 Ἐνυαλίῳ,

214 1817 271 1883 καί
288 1805 393 1882 τᾶλλα
407 1811 468 1882 ὅσα
484 1815 538 1882 ἐπὶ
553 1814 701 1902 διαβάσει
715 1816 1009 1902 συσκευαζομένων
1021 1805 1173 1903 θόρυβος
1188 1841 1213 1880 ιε

215 1915 428 1994 παντοδαπός
455 1918 615 2001 ἐγίγνετο.
660 1917 716 1984 καὶ
743 1913 902 2002 ὁΠῶρός
929 1943 964 1984 τε
981 1913 1175 2005 ἀντιπαρῄει

215 2016 300 2104 πρὸς
325 2015 388 2102 τὴν
413 2015 498 2104 βοὴν
525 2016 661 2102 ἐπάγων
686 2016 766 2096 τοὺς
793 2017 977 2103 ἐλέφαντας
1008 2018 1065 2084 καὶ
1079 2014 1174 2086 Ἀλέ-

215 2120 357 2202 ξανδρος
380 2120 413 2196 ἐς
428 2123 506 2196 ἔθος
519 2114 626 2186 αότὸν
639 2121 697 2204 τῆς
720 2117 999 2203 ἀντιπαραγωγῆς
1019 2126 1172 2206 καθίστη.

181 2241 198 2290 4
217 2218 261 2298 άς
288 2217 327 2287 δέ
354 2219 409 2286 ἐπὶ
435 2219 522 2287 πολό
542 2221 643 2286 τοῦτο
672 2223 820 2304 ἐγίγνετο
838 2221 893 2287 καὶ
912 2217 974 2306 βοὴ
992 2216 1098 2306 μόνον
1117 2221 1174 2288 καὶ

215 2317 409 2405 ἀλαλαγμός
441 2311 496 2406 ἦν,
530 2317 641 2388 οόκέτι
666 2313 685 2386 ὁ
713 2324 835 2405 Πεῖρος
866 2334 1064 2407 μετεκινεῖτο
1090 2320 1214 2407 πρὸςεο

214 2419 275 2500 τάς
295 2419 460 2509 ἐκδρομάς
477 2425 547 2488 τῶν
567 2422 709 2510 ἱππέων,
745 2419 831 2488 άλλά
847 2420 969 2490 κενὸν
987 2419 1052 2509 γάρ
1070 2421 1175 2507 γνοδς

214 2521 276 2593 τόν
309 2522 417 2609 φόβον
449 2520 533 2589 κατά
564 2522 679 2612 χάραν
713 2523 769 2590 ἐπί
802 2524 1029 2609 στρατοπέδου
1065 2529 1174 2609 ἔμενε·

217 2624 335 2692 σκοποὶ
354 2622 392 2690 δὲ
410 2621 503 2712 αὐτῷ
521 2627 692 2710 πολλαχοῦ
710 2625 768 2710 τῆς
785 2621 890 2709 όχθης
903 2623 1176 2709 καθειστήκεσαν.

213 2723 432 2809 Ἀλέξανδρος
457 2723 495 2792 δὲ
513 2721 559 2802 άς
579 2724 768 2811 ἐξείργαστο
786 2723 878 2814 αὐτῷ
897 2721 1028 2810 ἄφοβον
1057 2723 1095 2792 τό
1114 2726 1174 2792 τοῦ

217 2823 343 2910 Πάρου
370 2830 417 2903 είς
443 2823 504 2903 τὰς
530 2823 727 2912 νυκτερινὰς
754 2823 969 2914 ἐπιχειρήσεις
986 2830 1179 2912 μηχανᾶταί
1189 2853 1215 2894 τε

216 2952 247 2992 τι
272 2924 410 2993 τοιόνδε.

107 3089 111 3096 .
169 3023 205 3086 11
286 3020 393 3114 ”Ακρα
425 3015 467 3112 ἣν
502 3022 671 3111 άνέχουσα
696 3027 755 3109 τῆς
782 3023 887 3112 ὄχθης
913 3029 973 3093 τοῦ
998 3025 1176 3112 Ὑδάσπου,

218 3131 276 3196 ἰ’να
318 3128 524 3213 ἐπέκαμπτεν
560 3123 578 3192 ὁ
612 3125 759 3212 ποταμὸς
792 3127 897 3212 λόγου
931 3125 1048 3215 ἀξίως,
1092 3126 1177 3214 αότή

216 3255 252 3298 τε
267 3234 382 3298 δασεῖα
404 3226 521 3295 άλσει
545 3231 716 3294 παντοίων
733 3228 884 3314 δένδρων
902 3229 960 3295 καί
978 3227 1051 3296 κατ’
1072 3222 1177 3316 αὐτὴν

218 3334 320 3417 νῆσος
348 3331 384 3396 έν
410 3329 457 3417 τῷ
485 3330 623 3418 ποταμῷ
650 3324 784 3414 δλοόδης
810 3355 845 3396 τε
871 3329 928 3396 καὶ
954 3327 1090 3417 άστιβὴς
1112 3328 1174 3398 ὑπ’
1190 3363 1217 3402 so

218 3432 365 3516 ἐρημίας.
405 3427 531 3515 ταότην
550 3428 757 3515 καταμαθὼν
775 3429 836 3515 τὴν
854 3431 958 3516 νῆσον
975 3429 1176 3518 καταντικρδ

216 3535 276 3616 τῆς
307 3527 430 3619 άκρας,
467 3527 641 3619 άμφότερα
674 3527 792 3616 όλεόδη
824 3556 864 3598 τα
897 3537 1002 3617 χωρία
1034 3532 1091 3598 καὶ
1123 3527 1179 3600 οἷα
