2678 3950
217 231 278 296 186
568 231 820 294 ΔΛΕΞΔΝΔΡΟΤ

213 393 335 472 ι’ππέας
359 391 553 481 ξύμπαντας
575 393 632 461 καὶ
656 398 726 462 τών
750 395 857 476 πεζάν
874 395 943 461 τών
961 393 1175 463 Μακεδόνων

214 497 248 575 ἐς
274 492 493 573 ὀκτακοσίους
526 493 720 583 ἐπιβιβάσας
751 499 822 562 τών
852 498 967 564 ἰ’πποον
1002 495 1065 577 ξύν
1099 511 1175 576 ταῖς

213 595 328 665 ἀσπίσι
346 610 420 676 ταῖς
444 601 589 678 πεζικαῖς
612 599 746 684 σπονδῇ
765 586 859 682 ἦγεν,
886 592 937 664 ότι
960 595 1041 676 τούς
1064 597 1173 686 ταότη

214 699 394 776 οἰκοῦντας
410 695 606 785 βαρβάρους
624 697 897 784 ξυμπεφευγέναι
924 703 957 777 ἐς
983 724 1019 766 τε
1044 697 1096 784 τά,
1112 695 1174 786 όρη

213 797 254 867 τά
272 798 355 866 κατὰ
381 797 443 886 τὴν
466 797 581 886 χώραν
607 799 820 884 ἐξηγγέλλετο
845 796 938 890 αὐτῷ
965 799 1022 866 καὶ
1055 801 1089 880 ἐς
1113 800 1200 879 τάςε
1327 831 1330 842 ⁴

179 910 195 958 3
214 899 326 978 πόλεις
346 896 422 968 ὅσαι
443 895 565 986 ὀχυραὶ
585 897 700 967 αὐτῶν
721 902 754 980 ἐς
773 898 811 967 τό
835 898 1078 986 ἀπομάχεσθαι.
1118 900 1175 968 καὶ

213 1000 343 1069 τούτων
359 1003 402 1090 τῇ
424 998 541 1089 πρώτη
560 1000 640 1070 καθ’
668 998 750 1069 ὁδόν
767 1001 862 1070 πόλει
880 999 1048 1092 ᾠκισμένη
1067 1021 1175 1091 προσ-

213 1100 328 1188 βαλών
353 1098 433 1181 τούς
458 1101 521 1188 μὲν
548 1101 613 1190 πρό
641 1106 699 1188 τῆς
725 1100 854 1182 πόλεως
880 1103 1102 1189 τεταγμένους
1130 1101 1175 1182 ώς

214 1201 303 1289 εἶχεν
330 1204 363 1284 ἐξ
391 1201 518 1290 ἐφόδου
547 1205 708 1292 ἐτρέψατο
733 1203 791 1270 καὶ
816 1203 1025 1272 κατέκλεισεν
1052 1206 1086 1284 ἐς
1112 1202 1175 1290 τὴν

212 1304 327 1373 πόλιν·
354 1301 456 1385 αὐτός
476 1303 515 1372 δέ
532 1302 745 1392 τιτρώσκεται
757 1305 846 1392 βέλει
865 1302 920 1372 διά
932 1307 993 1374 τοῦ
1006 1303 1163 1394 θώρακος
1186 1336 1210 1376 ιο

188 1409 249 1486 ’ἐς
266 1405 326 1475 τόν
345 1398 453 1494 ώμον·
481 1403 519 1474 τό
538 1404 577 1473 δὲ
596 1409 729 1494 τραῦμα
748 1402 789 1472 οό
816 1404 964 1493 χαλεπόν
982 1403 1074 1498 αὐτῷ
1100 1407 1176 1492 έγέ·

212 1525 305 1577 νετο·
357 1507 375 1575 ὁ
401 1505 467 1593 γάρ
492 1505 609 1593 θώραξ
637 1511 713 1594 ἐσχε
737 1505 776 1574 τό
803 1504 849 1594 μὴ
876 1505 918 1575 ου’
946 1506 1093 1595 διαμπάξ
1119 1505 1175 1576 διά

213 1611 274 1678 τοῦ
294 1607 388 1696 ώμον
403 1609 518 1676 ἐλθεῖν
536 1607 573 1674 τό
591 1608 706 1694 βέλος·
726 1607 783 1676 καὶ
797 1615 1007 1696 Πτολεμαῖος
1020 1602 1039 1678 ό
1054 1609 1175 1695 Λάγον

215 1709 345 1798 ἐτρώθη
371 1709 428 1776 καὶ
456 1707 652 1788 Λεοννάτος.
1007 1776 1011 1784 x

180 1824 196 1874 4
295 1810 378 1878 Τότε
390 1807 453 1897 μὲν
466 1809 507 1896 δὴ
522 1813 579 1877 ἵνα
594 1809 845 1898 ἐπιμαχώτατον
854 1813 915 1882 τοῦ
929 1817 1059 1898 τείχους
1074 1813 1173 1898 έφαί-
1187 1838 1213 1881 ιε
1315 1873 1330 1898 ,

213 1937 289 1979 νετο
297 1911 619 1997 ἐστρατοπεδεύσατο
630 1910 716 2000 πρός
729 1916 770 2002 τῇ
783 1912 893 1982 πόλει·
907 1917 949 2000 τῇ
966 1911 1003 1979 δέ
1015 1909 1166 2002 ἀστεραί,
1329 1903 1330 1909 ¹

86 2061 89 2066 ,
213 2010 284 2080 ἀπό
309 2013 372 2098 τὴν
399 2014 455 2099 ἕω,
482 2014 626 2081 διπλοῦν
651 2012 718 2102 γάρ
743 2030 850 2102 τεῖχος
874 2013 1109 2102 περιεβέβλητο
1132 2015 1174 2101 τῇ

214 2111 325 2200 πόλει,
352 2115 386 2192 ἐς
408 2112 472 2200 μὲν
490 2111 527 2181 τό
547 2118 695 2203 πρώτον,
719 2112 778 2183 ἀπε
795 2112 858 2183 οάκ
876 2113 1022 2204 ἀκριβῶς
1039 2141 1176 2202 τετειχι-

214 2214 351 2302 σμένον,
378 2212 418 2282 οά
434 2220 587 2301 χαλεπῶς
606 2214 780 2303 ἐβιάσαντο
798 2221 835 2285 oc
852 2215 1064 2295 Μακεδόνες·
1092 2214 1176 2303 πρὸς

215 2315 253 2384 δέ
270 2319 316 2406 τῷ
335 2314 482 2407 δευτέρῳ
500 2312 618 2402 ὀλίγον
635 2313 847 2402 ἀντισχόντες
864 2322 900 2386 οί
919 2317 1103 2407 βάρβαροι,
1131 2309 1176 2396 ώς
1189 2344 1217 2386 κο
1326 2317 1327 2347 ¹

86 2477 89 2486 ,
214 2421 301 2486 αἵτε
317 2423 476 2504 κλίμακες
494 2416 708 2505 προσέκειντο
726 2414 792 2506 ἤδη
809 2418 865 2486 καὶ
882 2416 951 2486 ἀπό
976 2420 1044 2485 τών
1058 2411 1177 2504 Ιβελών

214 2518 386 2586 πάντοθεν
406 2517 652 2606 ἐπιτρώσκοντο
670 2524 706 2588 oi
721 2517 979 2607 προμαχόμενοι,
1007 2515 1070 2586 οόκ
1088 2523 1176 2605 ἔμει-

214 2647 290 2705 ναν,
318 2615 402 2706 ἀλλά
435 2617 518 2687 κατά
545 2619 604 2699 τάς
630 2620 741 2701 πάλας
768 2620 814 2700 τός
841 2621 897 2689 ἐπὶ
922 2617 963 2688 τά
991 2616 1052 2706 ὅρη
1080 2621 1176 2688 ἐκπί-

180 2729 356 2789 5πτουσιν
381 2722 417 2788 ἐκ
439 2724 498 2808 τῆς
521 2720 660 2801 πόλεως.
703 2723 759 2790 καὶ
782 2720 915 2789 τούτων
938 2724 974 2789 oi
991 2719 1055 2807 μὲν
1080 2722 1116 2788 ἐν
1134 2723 1175 2810 τῇ

215 2816 310 2911 φυγῇ
326 2819 616 2908 ἀποθνήσκουσιν·
643 2819 746 2900 όσονς
766 2821 804 2890 δέ
822 2827 946 2905 ζώντας
967 2827 1090 2909 ἔλαβον
1110 2819 1171 2890 αό·
1189 2849 1216 2891 τε

214 2928 301 3009 τῶν,
328 2922 521 3010 ξύμπαντας
548 2921 803 2992 ἀποκτείνουσιν
830 2928 865 2992 οί
886 2921 1103 3011 Μακεδόνες,
1129 2919 1179 2992 ὅτι

216 3022 349 3112 ἐτρώθη
379 3021 441 3092 ἀπ’
473 3018 588 3092 αάτών
614 3021 849 3112 Ἀλέξανδρος,
883 3019 1104 3113 ὀργιζόμενοι·
1144 3029 1181 3093 οἰ

153 3155 156 3164 ’
215 3125 335 3195 πολλοὶ
359 3123 396 3193 δέ
416 3127 448 3203 ἐς
465 3123 506 3193 τά
525 3123 599 3214 ὅρη,
618 3122 667 3194 ότι
691 3123 732 3194 οό
756 3123 891 3214 μακράν
914 3129 972 3215 τῆς
990 3125 1119 3206 πόλεως
1136 3125 1178 3193 τὰ

215 3224 276 3313 όρη
303 3215 362 3313 ἦν,
390 3224 580 3313 ἀπέφυγον.
624 3226 685 3313 τὴν
712 3226 809 3296 πόλιν
836 3226 875 3298 δέ
900 3225 1117 3308 κατασκάψας
1145 3230 1178 3306 ἐς

206 3324 355 3397 Ἀνδακα
373 3325 479 3415 ἀλλην
496 3327 596 3396 πόλιν
609 3318 678 3414 ἦγε.
710 3327 836 3416 ταύτην
850 3328 889 3398 δὲ
902 3329 1066 3420 ὁμολογίᾳ
1081 3329 1175 3398 ἐνδυ·
1190 3353 1216 3396 το

214 3438 336 3498 θεῖσαν
366 3427 541 3515 κατασχών
569 3428 742 3518 Κράτερον
774 3428 836 3516 μέν
869 3427 933 3511 ξδν
962 3443 1033 3508 τοῖς
1065 3425 1178 3509 ἀλλοις

214 3527 351 3618 ἡγεμόσι
374 3532 443 3598 τών
468 3532 575 3614 πεζών
599 3535 787 3599 καταλείπει
811 3528 918 3599 αὐτοῦ
944 3531 1085 3617 ἐξαιρεῖν
1104 3529 1179 3599 ὅσαι
