2590 3948
430 262 614 314 ΔΝΔΒΑΣῙΣ
633 266 662 323 7,
679 267 704 317 ³.
722 266 748 314 4.
1001 260 1064 326 293

104 417 201 489 λικόν
227 415 308 488 ὄντα
333 422 402 488 τῶν
419 427 595 505 Νυσαίων,
623 419 705 508 πρὶν
730 418 895 508 ἀναβῆναι
922 421 977 490 ἐπὶ
1002 418 1065 507 τῆν

103 518 220 609 πυράν
229 519 413 612 Λυσιμάχῳ
426 527 638 608 χαρίσασθαι,
652 523 721 589 τῶν
734 547 796 590 τινι
805 521 1065 610 θεραπευόντων

105 620 212 690 αῦτδν
240 621 295 692 ἐπὶ
322 595 456 712 σοφίςιέ
477 623 545 691 των
571 620 609 691 δέ
636 623 678 709 δῆ
697 621 901 709 ἐκπωμάτων
918 618 939 710 ἣ
957 643 1064 709 στρω-

104 721 219 811 μάτων
237 719 300 790 ὅσα
328 725 534 810 ἐμβληθῆναι
560 725 593 803 ἐς
609 721 672 809 τῆν
693 721 808 813 πυράν
825 721 952 811 κόσμον
970 718 1065 814 αῦτῷ

79 822 231 911 ιτετάχει
245 817 476 912 Ἀλέξανδρος,
493 823 579 892 ἀλλα
606 821 718 904 ἄλλοις
744 827 866 893 δοῦναι
889 827 959 892 τῶν
977 822 1062 912 ἀμφ’

105 924 223 994 αῦτόν.
251 923 341 993 οὕτω
359 923 401 1011 δῆ
416 923 576 1012 ἐπιβάντα
589 931 631 1014 τῆ
645 928 739 1015 πυρᾷ
753 931 992 1012 κατακλιθῆναι
1004 924 1066 1013 μὲν
1083 937 1099 986 6

106 1028 142 1094 ἐν
160 1025 286 1116 κόσμῳ,
305 1025 448 1113 ὁρᾶσθαι
474 1025 512 1094 δὲ
530 1021 614 1113 πρός
632 1031 691 1112 τῆς
710 1029 864 1112 στρατιάς
882 1027 1065 1114 ξυμπάσης.

102 1125 313 1218 Ἀλεξάνδρςο
337 1126 375 1195 δέ
401 1125 464 1196 οῦκ
492 1125 630 1206 ἐπιεικὲς
655 1129 802 1214 φανῆναι
826 1127 863 1196 τό
880 1129 991 1215 θέαμα
1013 1127 1066 1197 ἐπί

104 1235 193 1320 φίλῳ
207 1225 308 1314 ἀνδρὶ
321 1226 536 1314 γιγνόμενον·
563 1221 647 1295 ἀλλά
660 1241 731 1307 τοῖς
744 1226 809 1317 γάρ
824 1227 936 1308 ἀλλοις
949 1235 1066 1317 θαῦμα

66 1359 92 1398 ιο
105 1329 337 1415 παρασχέσθαι
362 1327 466 1398 οὐδέν
493 1355 524 1396 τι
549 1328 822 1416 παρακινήσαντα
850 1332 886 1399 ἐν
913 1335 959 1420 τῷ
984 1331 1067 1416 πυρὶ

105 1435 167 1499 τοῦ
186 1429 347 1516 σώματος.
382 1428 427 1509 ῦς
445 1429 484 1498 δὲ
500 1428 538 1499 τό
557 1431 627 1518 πῦρ
647 1433 680 1510 ές
697 1428 760 1516 τῆν
777 1431 893 1520 πυράν
907 1431 1066 1518 ἐνέβαλον
1084 1444 1101 1491 6

106 1526 157 1610 οἷς
171 1532 459 1621 προστεταγμένον
471 1521 526 1618 ῆν,
539 1531 596 1612 τάς
606 1558 642 1599 τε
655 1530 841 1618 σάλπιγγας
854 1532 1068 1620 φθέγξασθαι

106 1632 195 1716 λέγει
221 1633 392 1720 Νέαρχος,
425 1629 532 1711 οῦτως
558 1634 591 1714 ἐξ
614 1629 835 1721 Ἀλεξάνδρου
862 1655 1067 1722 προστεταγ-

107 1734 224 1820 μένον,
250 1734 308 1801 καὶ
333 1731 398 1821 τῆν
424 1729 581 1820 στρατιάν
600 1732 802 1815 ἐπαλαλάξαι
819 1735 930 1802 πᾶσαν
948 1727 1067 1803 όποῖόν

69 1861 93 1900 ιε
106 1862 138 1903 τι
169 1834 225 1902 καὶ
259 1836 292 1913 ἐς
323 1832 383 1914 τάς
413 1833 521 1922 μάχας
549 1839 647 1904 ἰοῦσα
674 1835 871 1921 ἐπηλάλαζε,
905 1837 962 1904 καὶ
987 1834 1069 1917 τοῦς

109 1935 292 2025 ἐλέφαντας
303 1939 530 2022 συνεπηχῆσαι
543 1934 580 2004 τό
596 1930 654 2014 όξῦ
670 1936 726 2003 καὶ
740 1935 929 2023 πολεμικόν,
944 1941 1068 2024 τιμάν-

107 2065 167 2117 τας
185 2035 354 2105 Κάλανον.
392 2040 501 2106 ταῦτα
517 2037 573 2104 καὶ
589 2035 631 2104 τά
648 2042 786 2106 τοιαῦτα
802 2030 891 2124 ῦπέρ
909 2037 1068 2107 Καλάνου

107 2141 168 2207 τοῦ
181 2132 291 2207 Ἰνδοῦ
311 2139 423 2207 ίκανοὶ
440 2137 730 2227 ἀναγεγράφασιν,
747 2135 810 2206 οῦκ
828 2135 945 2225 ἀχρεῖα
959 2138 1068 2227 πάντη

108 2244 142 2319 ἐς
168 2236 386 2326 ἀνθρώπους,
413 2236 478 2331 ὅτῳ
504 2245 632 2326 γνῶναι
654 2239 816 2325 ἐπιμελές,
844 2237 889 2318 ἀς
907 2238 1069 2327 καρτερόν

67 2372 93 2411 το
106 2341 146 2409 τέ
170 2341 238 2409 ἐστι
262 2339 320 2408 καὶ
346 2335 507 2427 ἀνίκητον
538 2338 655 2427 γνώμη
681 2337 882 2427 ἀνθρωπίνη
907 2336 926 2408 ό
950 2368 981 2407 τι
1006 2364 1069 2428 περ

108 2441 217 2510 ἐθέλει
244 2441 495 2526 ἐξεργάσασθαι.

182 2537 237 2611 Ἐν
262 2541 370 2632 τούτῳ
397 2540 435 2609 δὲ
457 2539 676 2629 Ἀλέξανδρος
698 2536 902 2627 Ἀτροπάτην
927 2538 990 2627 μὲν
1016 2541 1106 2610 ἐπὶ4

107 2641 171 2729 τῆν
186 2640 291 2710 αῦτοῦ
307 2649 513 2728 σατραπείαν
527 2643 684 2729 ἐκπέμπει
697 2640 877 2728 παρελθθν
891 2643 924 2720 ἐς
935 2643 1069 2711 Σοῦσα·

106 2738 306 2832 Ἀβουλίτην
332 2740 370 2811 δέ
394 2743 451 2812 καὶ
474 2741 534 2811 τόν
557 2742 679 2811 τοῦτον
697 2747 802 2812 παῖδα
815 2739 996 2832 Ὀξάθρην,
1022 2742 1071 2813 δτι

69 2873 95 2913 τε
110 2851 221 2924 κακῶς
233 2847 422 2932 ἐπεμελεῖτο
434 2847 504 2912 των
514 2849 684 2926 Σουσίων,
699 2844 879 2932 συλλαβῶν
888 2840 1068 2914 ἀπέκτεινε.

5 3009 13 3038 ‚
110 2945 217 3014 πολλὰ
235 2944 298 3033 μὲν
315 2945 357 3032 δὴ
376 2945 629 3034 πεπλημμέλητο
648 2947 768 3014 ἐκτῶν
785 2945 993 3033 κατεχόντων
1011 2947 1070 3026 τὰς
1087 2967 1103 3016 2

110 3048 220 3135 χώρας
234 3044 309 3115 ὅσαι
326 3050 514 3134 δορίκτητοι
531 3049 616 3137 πρὸς
630 3045 849 3134 Ἀλεξάνδρου
864 3046 1019 3133 ἐγένοντο
1037 3053 1070 3128 ἐς

110 3174 146 3216 τε
171 3147 212 3216 τά
241 3146 313 3237 ίερά
339 3149 397 3216 καὶ
422 3148 550 3234 τάφους
571 3147 629 3215 καὶ
646 3146 772 3229 αὐτοῦς
789 3145 868 3228 τοῦς
885 3144 1070 3237 ῦπηκόους,

111 3246 162 3316 ότι
178 3248 310 3338 χρόνιος
328 3246 346 3318 ὁ
365 3254 413 3329 εἰς
423 3245 551 3329 Ἰνδοὺς
564 3248 681 3328 στόλος
696 3239 869 3337 ἐγεγένητο
881 3251 927 3340 τῷ
942 3257 1075 3339 βασιλεῖ

71 3374 97 3414 εο
112 3352 168 3418 καὶ
208 3348 248 3420 οῦ
281 3349 401 3420 πιστόν
434 3352 590 3437 ἐφαίνετο
622 3347 863 3436 ἀπονοστήσειν
895 3347 1002 3419 αῦτδν
1035 3353 1071 3418 ἐκ

110 3456 261 3521 τοσῶνδε
288 3453 400 3520 έθνοίν
426 3452 483 3520 καὶ
507 3453 656 3520 τοσῦνδε
681 3450 881 3540 ἐλεφάντων,
907 3447 995 3539 ὑπὲρ
1012 3450 1072 3518 τὸν

108 3547 216 3621 Ἰνδόν
233 3579 270 3620 τε
287 3558 344 3622 καὶ
355 3546 522 3642 ’Ῥδάσπην
539 3554 596 3622 καὶ
614 3552 673 3623 τόν
680 3549 855 3641 Ἀκεσίνην
868 3550 1070 3640 καὶὝφασιν
