2650 3948
216 225 260 292 22
568 226 819 286 ΑΔΕΞΑΝΔΡΟΤ

183 383 201 433 σ
217 375 276 456 τῆς
290 373 449 457 Παιτικῆς
464 368 519 438 ἐπὶ
535 366 596 438 τόν
609 369 753 439 Μέλανα
766 367 917 456 ποταμόν
930 374 1068 458 ἔρχεται.
1099 371 1176 437 δια-

217 469 280 559 βάς
307 470 344 540 δέ
370 470 427 538 καί
452 469 511 539 τόν
538 472 681 540 Μέλανα
708 472 741 550 ἐς
766 468 900 558 Σηστόν
926 467 1113 557 ἀφικνεῖται
1139 471 1176 539 ἐν

218 582 324 642 είκοσι
345 585 417 651 ταίς
444 569 565 651 πάσαις
588 565 725 659 ἡμέραις
745 567 811 640 άπδ
834 578 893 658 τῆς
918 580 1055 640 οίκοδευ
1081 573 1176 659 ἐξορ-

218 672 359 763 μήσεως.
393 670 505 742 ἐλθόν
530 671 569 742 δέ
596 674 629 752 ἐς
645 665 837 742 Ἐλαιοῦντα
853 670 934 741 θῦει
952 672 1176 766 Πρωτεσιλάῳ

221 777 276 844 ἐπὶ
299 779 347 868 τῷ
371 773 466 867 τάφῳ
489 779 551 843 τοῦ
569 772 824 862 Πρωτεσιλάου,
852 772 902 842 ότι
926 773 982 842 καὶ
1000 781 1203 862 Πρωτεσί-ε

220 885 300 956 λαος
334 880 464 963 πρῶτος
497 874 606 944 ἐδόκει
637 876 774 962 ἐκβῆναι
812 876 846 955 ἐς
876 873 939 960 τῆν
965 872 1080 945 Ἀσίαν
1108 880 1178 944 νῦν

216 975 386 1065 Ἑλλήνων
413 981 482 1046 τῶν
511 975 579 1066 ἅμα
599 973 820 1064 Ἀγαμέμνονι
844 973 991 1056 ἐςἽλιον
1015 999 1179 1065 στρατευ-

222 1079 365 1148 σάντων.
400 1077 457 1146 καί
482 1075 500 1147 ὁ
526 1083 609 1158 νοῦς
632 1081 692 1164 τῆς
717 1083 844 1158 θυσίας
860 1069 905 1164 ῆν
924 1078 1179 1169 ἐπιτυχεστέραν

222 1175 260 1249 οί
272 1179 431 1266 γενέσθαι
446 1175 469 1266 ῆ
486 1177 711 1270 Πρωτεσιλάῳ
731 1176 793 1266 τῆν
811 1175 986 1264 ἀπόβασιν.

188 1290 207 1342 ⁶
299 1286 502 1368 Παρμενίων
514 1279 577 1368 μέν
594 1277 637 1366 δῆ
654 1284 724 1347 τῶν
741 1285 848 1362 πεζῶν
865 1277 945 1360 τοῦς
959 1278 1105 1360 πολλοῦς
1121 1280 1178 1348 καὶ
1192 1311 1216 1352 ιι

222 1380 284 1470 τῆν
297 1386 401 1451 ἵππου
419 1380 609 1468 διαβιβάσαι
622 1379 746 1467 ἐτάχθη
764 1383 800 1449 έκ
815 1386 951 1468 Σηστοῦ
971 1383 1003 1460 ές
1014 1380 1178 1468 Ἀβυδον·

221 1483 279 1552 καὶ
310 1483 468 1570 διέβησαν
502 1478 648 1572 τριήρεσι
680 1479 742 1569 μὲν
773 1481 892 1551 ἑκατόν
921 1482 978 1550 καί
1009 1481 1179 1571 ἑξήκοντα,

222 1590 351 1664 πλοίοις
369 1582 407 1652 δέ
423 1579 536 1664 ἄλλοις
553 1589 689 1662 πολλοῖς
703 1583 930 1671 στρογγύλοις.
962 1579 1182 1674 Ἀλέξανδρον

223 1685 262 1756 δέ
286 1688 319 1767 ἐξ
333 1681 543 1764 Ἐλαιοῦντος
566 1686 600 1764 ἐς
622 1680 683 1752 τόν
702 1681 842 1772 Ἀχαιῦν
864 1685 980 1772 λιμένα
1003 1683 1180 1773 κατάραιό

222 1793 349 1856 πλείων
366 1784 464 1871 λόγος
481 1786 619 1873 κατέχει,
637 1785 693 1853 καί
711 1783 815 1855 αὐτόν
833 1813 869 1855 τε
885 1791 1101 1874 κυβερνῶντα
1118 1785 1180 1874 τῆν
1194 1813 1219 1857 ιε

223 1891 428 1976 στρατηγίδα
444 1892 533 1956 ναῦν
550 1885 742 1973 διαβάλλειν
764 1887 821 1955 καί
846 1885 957 1974 ἐπειδῆ
976 1885 1059 1955 κατά
1076 1888 1180 1975 μέσον
1310 1945 1311 1961 ,

222 1987 284 2059 τόν
296 1987 404 2076 πόρον
415 1993 476 2057 τοῦ
489 1985 732 2075 Ἑλλησπόντου
750 1988 890 2075 ἐγένετο,
909 1987 1081 2076 σφάξαντα
1093 1993 1180 2058 ταῦ-

224 2118 286 2182 ρον
308 2094 357 2183 τῷ
375 2093 565 2160 Ποσειδῶνι
586 2089 643 2156 καὶ
661 2096 808 2177 Νηρηίσι
825 2090 982 2158 σπένδειν
1000 2091 1036 2157 έκ
1053 2095 1181 2179 χρυσῆς

188 2197 207 2252 ‘1
225 2190 345 2281 φιάλης
363 2193 396 2272 ἐς
409 2188 471 2260 τόν
483 2189 617 2260 πόντου.
650 2190 785 2275 λέγουσι
803 2190 907 2259 δὲκαὶ
921 2196 1056 2279 πρῶτον
1070 2193 1106 2260 έκ
1122 2196 1181 2278 τῆς
1308 2215 1309 2233 ¹

224 2291 310 2374 υεάς
327 2289 394 2362 σῦν
410 2305 480 2372 τοις
497 2291 611 2372 ὅπλοις
630 2293 766 2377 ἐκβῆναι
782 2287 889 2359 αῦτὸυ
908 2293 941 2372 ἐς
958 2293 1020 2378 τῆν
1036 2295 1103 2379 γῆν
1119 2291 1181 2380 τῆν
1194 2323 1223 2366 ιο

221 2391 337 2466 Ἀσίαν
349 2393 406 2462 καὶ
418 2391 555 2482 βωμοῦς
572 2390 778 2482 ίδρόσασθαι
791 2391 875 2461 ὅθεν
887 2419 923 2462 τε
937 2391 1055 2480 έστάλη
1070 2395 1106 2461 ἐκ
1122 2399 1183 2481 τῆς

225 2489 394 2582 Εόράπης
417 2495 475 2562 καὶ
501 2492 588 2563 ὅπου
613 2495 708 2580 ἐξέβη
731 2497 790 2581 τῆς
810 2490 922 2574 Ἀσίας
940 2492 1024 2574 Διός
1050 2491 1182 2582 άποβα-

225 2601 342 2683 τηρίου
360 2595 417 2664 καί
438 2592 585 2682 Ἀθηνᾶς
610 2595 666 2664 καὶ
686 2592 903 2683 Ἡρακλέους·
930 2593 1118 2665 ἀνελθόντα
1143 2594 1182 2666 δέ

227 2699 261 2778 ἐς
277 2694 382 2767 Ἴλιον
407 2701 450 2785 τῆ
476 2723 511 2766 τε
534 2690 662 2787 Ἀδηυᾷ
686 2700 790 2765 θῦσαι
814 2700 857 2786 τῆ
879 2693 1010 2784 Ἰλιάδι,
1040 2698 1097 2765 καὶ
1119 2696 1182 2786 τῆν

226 2804 419 2867 πανοπλίαν
443 2794 506 2884 τῆν
530 2795 636 2866 αὑτοῦ
660 2793 839 2865 άναθείναι
865 2799 898 2877 ἐς
921 2796 982 2866 τόν
1003 2797 1102 2886 υειόν,
1124 2799 1223 2868 καίει

226 2907 384 2968 καθελεῖν
402 2892 479 2967 άντί
501 2897 623 2986 ταύτης
644 2903 714 2967 τῶν
737 2902 840 2986 ίερων
857 2925 931 2966 τινα
949 2895 1064 2968 ὅπλων
1081 2904 1128 2968 ἔτι
1146 2902 1183 2969 έιι

193 3009 210 3060 8
227 3005 286 3071 τοῦ
302 3004 455 3090 Τρωικοῦ
466 3004 566 3088 έργου
581 2997 757 3087 σωζόμενα.
775 2998 950 3068 καὶταῦτα
963 3001 1119 3086 λέγουσιν
1132 2999 1183 3070 ότι
1302 3039 1303 3047 1

227 3107 263 3171 οί
271 3098 480 3170 ὑπασπισταὶ
493 3107 615 3188 ἔφερον
624 3098 688 3187 πρό
702 3097 809 3169 αῦτοῦ
824 3102 857 3180 ἐς
869 3098 929 3180 τάς
941 3101 1056 3190 μάχας.
1076 3107 1184 3171 θῦσαι
1301 3157 1302 3183 ,

227 3203 266 3273 δὲ
290 3199 395 3272 αῦτόν
411 3202 468 3271 καὶ
485 3199 627 3294 Πριάμῳ
646 3201 701 3270 ἐπὶ
717 3207 778 3270 τοῦ
802 3203 921 3289 βωμοῦ
942 3208 1004 3271 τοῦ
1022 3201 1104 3282 Διός
1121 3208 1183 3272 τοῦ

222 3302 370 3395 Ἑρκείου
396 3302 496 3390 λόγος
519 3304 663 3391 κατέχει,
689 3307 791 3391 μῆνιν
816 3300 972 3392 Πριάμου
999 3302 1224 3392 παραιτοῦ-ιο
1299 3295 1301 3382 Ῐ

226 3433 329 3495 μενον
354 3411 402 3498 τῷ
426 3405 665 3493 Νεοπτολέμου
694 3406 795 3492 γένει,
822 3400 842 3472 δ
864 3402 907 3493 δῆ
932 3407 965 3485 ἐς
991 3402 1096 3474 αὐτόν
1118 3433 1182 3475 κα·

225 3513 341 3596 θῆκεν.
