2678 3950
498 231 681 287 ΔΝΑΒΑΣΙΣ
698 236 726 298 ε,
745 235 785 288 τε.
1061 233 1123 299 217

239 385 353 469 Λύτός
380 387 419 458 δὲ
447 387 562 477 ἐπιβάς
588 387 829 478 τριακοντόρου
857 392 958 479 ἐπέρα
975 392 1033 460 καὶ
1056 389 1125 481 ἅμα
1137 407 1174 472 13

160 487 258 581 ἀύτῷ
276 489 485 578 Πτολεμαῖός
511 517 547 559 τε
571 493 629 559 καλ
648 495 838 577 Περδίκκας
855 493 913 560 καὶ
931 498 1126 580 Λυσίμαχός

163 595 200 659 οἱ
232 591 515 679 σωματοφύλακες
541 593 599 661 καλ
627 593 795 671 Σέλευκος
821 594 889 660 τόν
917 594 1072 682 ἑταίρων,
1106 593 1125 664 ό

163 691 364 780 βασιλεύσας
377 691 533 781 ὕστερον,
546 694 603 761 καλ
616 698 685 760 τῶν
698 691 921 761 ὑπασπιστῶν
934 699 971 762 οἱ
979 694 1124 782 ἡμίσεες·

5 828 14 864 2
124 817 137 858 ε
164 794 245 874 τούς
263 793 301 862 δὲ
319 792 444 874 ἄλλους
461 793 678 874 ύπασπιστίις
692 793 790 862 άλλαι
802 793 1032 882 τριακόντοροι
1046 802 1125 884 ἔφε-

139 918 144 926 ·
163 921 233 983 ρον.
265 894 310 974 ὥς
329 893 446 982 δὲτὴν
462 900 569 982 νῆσον
586 895 796 983 παρήλλαξεν
817 894 838 982 ἡ
853 896 1000 984 στρατιά,
1018 923 1124 984 φανε-

162 1001 229 1086 ριός
246 994 310 1084 ἤδη
330 999 463 1082 ἐπεῖχον
480 1001 522 1084 τῇ
537 994 642 1085 ὄχθη·
670 997 727 1066 καλ
745 1001 782 1064 οἱ
796 998 915 1065 σκοποὶ
933 997 1124 1078 κατιδόντες

162 1096 277 1166 αὐτῶν
294 1095 357 1184 τὴν
375 1096 483 1186 ὁρμὴν
500 1096 544 1177 οἱς
566 1097 715 1176 ἑκάστοις
735 1095 858 1182 τάχους
872 1103 909 1165 οἱ
919 1102 1016 1167 ἵπποι
1033 1097 1124 1185 εἱχον

161 1196 312 1286 ἤλαυνον
340 1195 385 1278 (ὃς
405 1201 461 1268 ἐπὶ
478 1198 538 1267 τὸν
557 1203 691 1288 Πῶρον.
733 1200 769 1268 ἐν
786 1197 896 1290 τούτῳ
914 1198 953 1266 δὲ
966 1196 1122 1281 Ἀλέξαν-
1141 1222 1157 1269 2

125 1330 149 1371 ιο
163 1305 242 1388 δρος
269 1305 399 1387 πρῶτος
418 1298 533 1380 αὐτὸς.
541 1299 641 1387 ἐκβάς
659 1300 716 1368 καλ
733 1299 815 1378 τούς
832 1296 899 1366 ἀπὸ
920 1302 990 1368 τῶν
1008 1299 1123 1369 άλλων

161 1399 408 1491 τριακοντόρων
426 1400 608 1490 άναλαβεόν
633 1401 811 1483 ξυνέταττε
835 1400 918 1479 τούς
935 1398 988 1469 ἀεὶ
1008 1404 1124 1490 ἐκβαί-

161 1527 285 1581 νοντας
310 1506 380 1569 τῶν
409 1505 554 1571 ἱππέων·
607 1507 644 1572 οἱ
665 1502 731 1591 γὰρ
760 1505 874 1580 ἱππεὶς
901 1507 1026 1590 πρῶτοι
1053 1506 1125 1572 ἐτε-

163 1601 285 1688 τάχατο
312 1602 404 1694 αύτῷ
432 1605 613 1692 ἐκβαίνειν·
657 1605 715 1672 καὶ
732 1603 875 1682 τούτους
893 1601 987 1688 ἅγιον
1006 1605 1126 1692 προῄει

165 1705 201 1772 ἐν
227 1704 325 1784 τάξει.
371 1710 470 1773 ἔλαθε
497 1704 535 1773 δὲ
561 1704 625 1773 ούκ
653 1707 686 1783 ἐς
712 1703 848 1791 βέβαιον
874 1711 1000 1791 χωρίον
1025 1705 1125 1793 ἐκβάς

125 1803 285 1895 ιεόγνοίμ
312 1810 382 1874 τῶν
408 1805 533 1892 τόπων,
559 1803 645 1874 ἀλλὰ
674 1808 707 1884 ἐς
733 1810 839 1891 νῆσον
859 1802 997 1893 γάρκαὶ
1016 1805 1125 1892 αὐτὴν

163 1905 226 1994 μὲν
252 1907 413 1995 μεγάλην,
439 1897 462 1994 ᾖ
480 1905 522 1994 δη
540 1908 743 1996 καὶμᾶλλον
761 1910 863 1992 νῆσος
882 1898 969 1974 οόσα
990 1913 1126 1996 ἔλαθεν,

164 2006 205 2076 ού
220 2011 333 2099 πολλῷ
348 2007 386 2077 δέ
399 2005 497 2076 ὕδατι
511 2008 594 2096 πρὸς
608 2013 670 2076 τού
685 2009 836 2094 ποταμοῦ
851 2004 1125 2097 ἀποτεμνομένην

163 2107 229 2176 άπὸ
260 2113 319 2194 τῆς
346 2107 448 2195 άλλης
474 2113 543 2195 γης.
589 2110 646 2178 καὶ
673 2106 741 2196 ἅμα
766 2106 901 2196 ηόξήκει
925 2109 964 2176 τὸ
982 2107 1077 2199 ὕδωρ
1103 2108 1158 2185 δε

164 2207 289 2297 ὄμβρος
303 2209 426 2298 λάβρος
438 2236 474 2278 τε
487 2211 545 2279 καὶ
559 2212 616 2280 ἐπί
628 2211 716 2279 πολὺ
729 2213 787 2295 τῆς
800 2210 923 2288 νυκτὸς
937 2211 1127 2299 κατασχόν,

125 2337 151 2378 νο
165 2307 249 2379 ὥστε
275 2310 340 2378 οὐκ
374 2311 565 2398 ἐξεύρισκον
592 2308 687 2402 αύτῷ
720 2314 755 2380 οἱ
781 2316 893 2390 ίππείς
918 2309 978 2380 τόν
1004 2313 1126 2402 πόρον,

164 2411 221 2480 καὶ
259 2412 334 2492 δέος
372 2402 413 2499 ἦν
447 2405 549 2492 αὖθις
582 2410 687 2481 ἄλλον
721 2414 836 2497 δεῆσαι
869 2409 961 2502 αὐτῷ
994 2413 1049 2482 ἐπὶ
1081 2415 1123 2501 τῇ

165 2511 315 2600 διαβάσει
342 2522 416 2580 ἱσου
443 2515 490 2603 τῷ
518 2513 641 2604 πρύτῳ
667 2509 785 2581 πόνου.
831 2508 876 2590 τός
903 2511 940 2580 δὲ
965 2515 1126 2602 ἐξευρέθη

166 2612 246 2682 ποτε
272 2612 290 2680 ὁ
317 2613 432 2702 πόρος,
458 2607 521 2701 ἦγε
547 2614 620 2682 κατ’
649 2613 755 2682 αύτόν
781 2617 949 2699 χαλεποῖς·
991 2605 1036 2700 ἦν
1060 2613 1126 2703 γάρ

166 2719 235 2782 τοῖν
261 2713 324 2801 μὲν
342 2718 448 2798 πεζῶν
466 2712 554 2803 ύπέρ
571 2714 652 2793 τούς
669 2714 816 2801 μαστούς
834 2713 872 2781 τό
891 2711 987 2801 ὕδωρ
1005 2719 1126 2804 ἵναπερ

127 2817 203 2884 νετό
238 2815 434 2903 βαθύτατον
466 2810 590 2885 αύτοῦ·
641 2817 710 2883 τῶν
743 2813 781 2882 δὲ
814 2819 929 2884 ἵππων
955 2812 1036 2884 ὅσον
1068 2812 1127 2896 τοὶς

166 2916 314 3003 κεφαλάς
335 2914 530 3003 ὑπερίσχειν
547 2919 607 2985 τοῦ
626 2918 787 3003 ποταμοῦ.
833 2914 878 2994 οδς
896 2914 935 2984 δέ
952 2918 1009 2984 καὶ
1027 2918 1126 2986 τοῦτο

167 3018 348 3105 ἐπεπέρατο
375 3012 469 3109 αύτῷ
495 3017 532 3085 τό
556 3015 663 3104 ὕδωρ,
692 3019 747 3086 ε’πὶ
765 3015 827 3104 μὲν
843 3016 881 3084 τὸ
900 3017 1009 3098 δεξιόν
1027 3020 1125 3108 κέρας
1142 3049 1159 3097 4

167 3117 341 3206 παρήγαγε
366 3119 405 3186 τό
431 3145 466 3187 τε
483 3117 594 3206 άγημα
610 3121 679 3186 τῶν
700 3120 829 3188 ἱππέων
852 3119 996 3186 καὶτῶν
1014 3119 1127 3188 άλλωυ

169 3224 359 3309 ἱππαρχιῶν
385 3217 467 3299 τούς
484 3228 684 3309 κρατίστους
704 3219 946 3308 ἐπιλεξάμενος·
989 3221 1071 3300 τούς
1089 3219 1128 3289 δέ

128 3347 155 3390 εο
170 3321 387 3401 ἱπποτοξότας
413 3324 472 3408 τῆς
498 3321 605 3410 πάσης
633 3326 738 3390 ἵππου
765 3322 939 3409 προέταξε·
988 3325 1057 3390 τῶν
1089 3320 1128 3390 δέ

168 3425 275 3505 πεζῶν
303 3422 457 3510 κράτους
484 3421 546 3509 μὲν
572 3420 655 3502 τούς
671 3416 884 3501 ὑπασπιστάς
900 3420 978 3502 τούς
995 3429 1127 3511 βασιλι-

166 3524 262 3609 κούς,
290 3513 338 3591 ὧν
364 3517 476 3613 ἡγεὶτο
497 3525 678 3611 Σέλευκος,
705 3523 841 3605 ἐπέταξε
859 3528 899 3614 τῇ
918 3528 1026 3618 ἵππῳ·
1071 3527 1127 3596 ε’πὶ
