2650 3948
213 177 257 243 3ss
566 175 815 234 εεοαεαεεοο

215 323 251 390 οί
265 318 393 410 μᾶλλόν
409 347 440 388 τι
457 327 632 409 σημαίνειν
645 317 695 388 ὅτι
709 321 745 388 ἐκ
762 325 823 406 γῆς
835 318 989 409 κρατήσει
1005 324 1065 388 τοῦ
1080 329 1171 406 Περ·

216 428 286 491 σῶν
303 423 474 491 ναυτικοῦ.

169 531 207 597 19
291 523 360 594 Καὶ
385 525 422 592 ἐν
444 522 551 616 τούτῳ
569 519 803 611 Γλαύκιππος,
828 516 913 610 άνήρ
936 527 1006 592 τάν
1023 527 1172 611 δοκίμων

216 628 253 694 ἐν
272 623 422 718 Μιλήτῳ,
442 624 643 712 ἐκπεμφθεὶς
661 621 752 714 παρά
767 620 987 713 Ἀλέξανδρον
1004 623 1094 713 παρὰ
1110 629 1171 693 τοῦ

216 725 324 814 δήμου
337 752 373 794 τε
386 726 440 794 καὶ
454 732 522 794 τῶν
536 727 641 807 ξέναν
654 727 722 794 τῶν
735 724 965 814 μισθοφόρων,
981 719 1031 804 οἷς
1043 724 1173 814 μᾶλλόν
1197 753 1212 795 ε

214 855 247 897 τι
262 827 481 912 ἐπετέτραπτο
494 824 514 914 ή
529 824 639 912 πόλις,
657 825 698 894 τά
710 852 747 895 τε
758 833 849 914 τείχη
863 833 926 913 ἐφη
945 828 1074 896 ἐθέλειν
1092 823 1172 906 τούς
1303 907 1304 922 ,

216 936 405 1016 Μιλησίους
427 933 485 996 καί
502 926 581 1009 τούς
605 929 740 1016 λιμένας
758 929 914 1016 παρέχειν
930 926 1064 1008 κοινούς
1078 925 1170 998 Ἀλε-

215 1028 347 1122 ξάνδρφ
366 1029 421 1096 καὶ
435 1029 594 1116 Πέρσαις·
613 1030 667 1097 καὶ
685 1029 748 1116 τήν
761 1035 957 1118 πολιορκίαν
972 1030 1027 1098 ἐπὶ
1044 1026 1173 1110 τούτοις
1303 1029 1304 1090 Ῑ

182 1129 310 1200 κλύειν
331 1129 437 1218 ήξίου.
468 1129 685 1221 Ἀλέξανδρος
702 1129 740 1200 δέ
758 1138 966 1223 Γλαυκίππῳ
983 1128 1046 1218 μέν
1069 1155 1172 1220 προς·

215 1231 329 1302 τάσσει
352 1230 618 1301 ἀπαλλάττεσθαι
640 1230 722 1300 κατά
747 1232 845 1320 τάχος
870 1233 902 1312 ἐς
923 1229 985 1317 τήν
1002 1230 1100 1300 πόλιν
1116 1232 1173 1300 καὶ
1188 1263 1214 1303 ιο
1303 1221 1304 1302 ἐ

217 1341 394 1421 Μιλησίοις
420 1334 635 1418 ἐπαγγέλλειν
655 1331 964 1422 παρασκευάζεσθαι
982 1330 1026 1412 ύς
1043 1359 1174 1420 μαχου-
1303 1339 1304 1344 ’

216 1436 339 1523 μένους
353 1439 470 1506 ἕωθεν.
485 1431 585 1514 αύτὸς
598 1429 632 1500 δ’
652 1433 829 1521 ἐπιστήσας
842 1439 890 1526 τῷ
902 1441 1000 1522 τείχει
1012 1433 1173 1522 μηχανάς,

216 1537 273 1604 καὶ
289 1535 330 1622 τά
347 1536 412 1624 μέν
428 1533 626 1620 καταβαλών
643 1533 687 1603 δι’
706 1533 824 1622 ὀλίγου
842 1541 910 1604 τῶν
928 1539 1058 1623 τειχῶν,
1076 1533 1116 1604 τά
1135 1533 1186 1613 δὲ,
1303 1577 1304 1628 μ

217 1647 414 1718 κατασείσας
432 1636 487 1706 ἐπὶ
505 1636 592 1705 πολύ
611 1641 758 1724 προσήγε
777 1635 839 1724 τήν
856 1635 1013 1724 στρατιάν
1032 1635 1076 1716 ὡς
1101 1639 1172 1705 ἐπι·

217 1739 423 1825 θησομένους
446 1730 470 1828 q}
494 1738 712 1828 κατερήριπτο
735 1734 757 1826 ή
783 1737 978 1808 ἐσεσάλευτο
996 1736 1033 1806 τό
1052 1751 1171 1826 τεῖχος,
1188 1769 1213 1809 ιτ
1303 1729 1304 1798 ί

218 1838 498 1928 ἐφομαρτούντων
510 1839 566 1907 καὶ
578 1839 684 1928 μόνον
696 1837 738 1908 ού
753 1839 935 1927 θεωμένων
948 1843 1017 1907 τῶν
1030 1845 1173 1929 Περσῶν

217 1936 284 2008 άπό
297 1945 357 2028 τής
367 1940 532 2027 Μυκάλης
541 1941 843 2031 πολιορκουμένους
852 1939 931 2021 τούς
940 1946 1061 2028 φίλους
1075 1945 1174 2029 σφῶν

218 2042 274 2109 καὶ
293 2042 493 2130 ξυμμάχους.

184 2157 200 2208 3
291 2141 346 2212 Ἐν
376 2141 484 2234 τούτφ
511 2142 550 2212 δὲ
579 2144 694 2212 καλοί
715 2140 801 2232 άμφλ
825 2143 1000 2233 Νικάνορα
1024 2141 1090 2214 άπδ
1114 2147 1174 2232 τῆς

219 2244 332 2332 Λάδης
357 2243 420 2332 τήν
442 2241 549 2334 ὁρμήν
574 2249 643 2312 τῶν
669 2242 732 2325 ξύν
749 2243 957 2339 Ἀλεξάνδρῳ
983 2245 1172 2324 κατιδόντες
1186 2276 1214 2317 το

192 2349 195 2357 '
220 2350 254 2427 ἐς
270 2345 332 2416 τόν
345 2346 462 2433 λιμένα
475 2345 637 2413 ἐπέπλεον
653 2347 721 2414 τῶν
735 2353 913 2433 Μιλησίων
926 2345 1016 2436 παρά
1030 2353 1094 2434 γῆν
1111 2346 1173 2435 τήν

219 2453 368 2536 εἰρεσίαν
385 2445 589 2534 ποιούμενοι,
610 2445 667 2515 καί
683 2445 767 2516 κατά
783 2446 821 2516 τό
841 2447 946 2536 στόμα
962 2453 1024 2518 τού
1042 2449 1174 2536 λιμένος

217 2540 305 2638 ήπερ
323 2547 518 2618 στενότατον
535 2541 578 2635 ήν
595 2543 828 2636 άντιπρύρονς
844 2547 947 2636 βύζην
959 2548 1017 2630 τάς
1033 2549 1174 2638 τριήρεις

218 2647 416 2736 ὁρμίσαντες
428 2645 708 2718 ἀποκεκλείκεσαν
724 2655 771 2741 τῷ
783 2649 847 2736 μέν
860 2655 1015 2743 Περσικῷ
1027 2657 1175 2744 ναυτικῷ

219 2749 279 2818 τὸν
302 2751 434 2838 λιμένα,
456 2764 527 2829 τοῖς
545 2757 721 2837 Μιλησίοις
744 2750 782 2820 δέ
806 2749 867 2838 τήν
885 2754 921 2820 ἐκ
938 2756 1007 2820 τῶν
1029 2758 1174 2840 Περσῶν
1188 2780 1214 2821 τε

185 2849 394 2938 εύφέλειαν.
431 2857 516 2920 ένθα
539 2855 575 2920 οί
589 2851 754 2938 Μιλήσιοί
775 2879 811 2922 τε
837 2853 893 2920 καί
916 2857 952 2922 οί
972 2853 1176 2943 μισθοφόροι

220 2951 433 3040 πανταχόθεν
446 2949 511 3039 ήδη
520 2955 768 3041 προσκειμένων
780 2960 875 3040 σφίσι
887 2959 955 3022 τῶν
966 2955 1175 3024 Μακεδόνων

220 3057 256 3123 οί
276 3053 339 3142 μὲν
362 3049 475 3123 αύτῶν
499 3057 693 3141 ῥιπτοῦντες
716 3059 803 3141 σφᾶς
828 3057 865 3123 ἐν
887 3061 928 3144 τῇ
945 3055 1101 3145 θαλάσση
1121 3057 1175 3124 ἐπὶ

219 3161 288 3223 τῶν
313 3152 467 3224 άσπίδων
490 3152 620 3223 ύπτίων
644 3157 676 3236 ἐς
699 3154 823 3242 νησῖδά
844 3183 918 3224 τινα
935 3151 1117 3245 άνύνυμον
1133 3161 1175 3247 τῇ

221 3251 314 3325 πόλει
352 3259 560 3344 ἐπικειμένην
598 3256 802 3344 διενήχοντο·
843 3261 878 3325 οί
912 3258 949 3328 δέ
980 3261 1014 3340 ἐς
1043 3258 1176 3346 κελήτια
1189 3289 1214 3329 ιο

221 3362 433 3446 ἐμβαίνοντες
450 3359 506 3426 καὶ
524 3355 730 3445 ἐπειγόμενοι
747 3355 945 3447 ὑποφθάσαι
960 3359 1020 3440 τάς
1032 3359 1175 3449 τριήρεις

219 3467 287 3529 τῶν
301 3458 511 3530 Μακεδόνων
525 3457 822 3547 ἐγκατελήφθησαν
840 3457 879 3529 ἐν
896 3466 943 3553 τῷ
962 3461 1098 3550 στόματι
1114 3467 1176 3532 τοτ’·
