2590 3948
452 259 636 313 εκεεειτῑ
656 264 682 326 ι,
701 263 743 315 ει.
1015 221 1079 324 283

116 423 322 508 Γαδρωσίων
347 415 461 504 ἄρχειν
481 417 595 508 έδόθη,
615 425 817 508 Καρμανίαν
837 416 875 486 δὲ
894 425 968 506 έσχε
991 425 1079 505 Τλη-

113 520 257 608 πόλεμος
290 519 308 587 ό
337 519 581 607 Πυθοφάνους.
625 519 689 608 ἤδη
722 547 758 590 τε
793 519 846 589 ἐπὶ
880 526 1111 608 Καρμανίαςέ

113 620 303 709 προάχιρει
317 618 335 689 ὁ
353 621 510 708 βασιλεδς
524 623 580 690 καὶ
594 620 788 708 ἀγγέλλεται
802 618 894 714 αὐτῷ
911 629 1079 690 Φίλιππον

112 721 175 791 τόν
201 722 374 810 σατράπην
399 728 458 810 τῆς
473 721 591 792 Ἰνδῶν
612 725 674 810 γῆς
692 723 976 810 ἐπιβουλευθέντα
995 723 1079 812 πρὸς

68 853 84 893 ι
113 827 183 892 τῶν
196 825 417 914 μισθοφόρων
435 824 526 916 δόλφ
546 821 748 911 ἀποθανεῖν,
770 824 850 904 τούς
870 823 908 892 δὲ
921 821 1079 894 ἀποκτεί-

110 953 237 1006 ναντας
270 923 321 993 ότι
356 930 393 994 οί
424 925 706 1012 σωματοφύλακες
743 927 804 993 τοῦ
838 931 1009 995 Φιλίππου
1046 929 1083 995 οί

111 1025 314 1105 Μακεδόνες
332 1024 414 1106 τούς
434 1025 497 1113 μὲν
517 1027 554 1094 έν
573 1023 667 1118 αὐτῷ
687 1029 734 1119 τῷ
755 1031 854 1120 ἔργῳ,
874 1025 955 1106 τούς
969 1025 1007 1095 δὲ
1022 1027 1079 1094 καὶ

110 1126 256 1213 ὕστερον
282 1125 442 1214 λαβόντες
468 1123 677 1195 ἀπέκτειναν.
724 1133 830 1197 ταῦτα
852 1127 890 1196 δέ
913 1125 958 1208 οἱς
980 1133 1080 1215 ἔγνω,

112 1230 275 1315 ἐκπέμπει
292 1225 470 1316 γράμματα
489 1230 522 1308 ές
537 1225 667 1324 Ἰνδοός
685 1227 776 1316 παρά
796 1227 958 1316 Εὕδημόν
975 1257 1011 1298 τε
1023 1229 1080 1296 καὶ

69 1361 97 1400 ιο
119 1331 266 1416 Ταξίλην
293 1331 521 1418 ἐπιμελεῖσθαι
546 1334 604 1415 τῆς
630 1327 740 1416 χώρας
763 1333 821 1416 τῆς
839 1329 991 1416 πρόσθεν
1008 1326 1078 1398 ὑπό

114 1437 274 1522 Φιλίππω
283 1431 482 1519 τεταγμένης
493 1426 648 1498 ἔστ’ἀυα
675 1428 732 1510 τός
743 1430 917 1520 σατράπην
927 1431 1079 1521 έκπέμψη

112 1528 169 1601 ἐπ’
199 1526 313 1617 αὐτῆς.
902 1561 903 1564 ’

184 1631 271 1719 Ἤδη
286 1629 317 1700 δ’
336 1635 368 1712 ἐς
382 1638 583 1721 Καρμανίαν
596 1631 736 1720 ἥκοντος
746 1630 969 1720 Ἀλεξάνδρου
985 1631 1080 1721 Κρά-

112 1761 210 1822 τερος
236 1731 443 1822 ἀφικνεῖται,
475 1733 538 1820 τη’ν
569 1760 605 1802 τε
631 1732 737 1822 ἀλλην
764 1733 921 1823 στρατιάν
954 1731 1023 1822 ἅμα
1048 1729 1114 1808 οδε

71 1868 100 1912 15
115 1835 212 1922 ἀγων
237 1835 295 1903 καὶ
320 1833 399 1915 τούς
427 1835 612 1922 ἐλέφαντας
637 1837 695 1904 καί
716 1830 882 1925 Ὀρδάνην
906 1833 970 1904 τόν
995 1833 1082 1903 ἀπο·

113 1935 240 2008 στάντα
266 1936 322 2004 καὶ
348 1943 590 2023 νεωτερίσαντα
616 1936 835 2025 συνειληφώς.
876 1939 1027 2006 ἐνταῦθα
1044 1935 1083 2005 δέ

114 2035 308 2126 Στασάνωρ
333 2062 370 2106 τε
395 2031 571 2126 ὁἈρείων
589 2037 646 2106 καὶ
664 2035 682 2105 ὁ
703 2037 891 2126 Ζαράγγων
911 2037 1082 2126 σατράπης

111 2131 175 2228 ἧκε
192 2140 248 2206 καὶ
267 2137 329 2220 ξὺν
349 2135 464 2219 αὐτοῖς
484 2137 699 2226 Φαρισμάνης
718 2137 736 2207 ὁ
757 2140 999 2229 Φραταφέρνου
1021 2143 1082 2206 τοῦ

113 2247 331 2330 Παρθυαίων
357 2239 412 2308 καὶ
426 2237 611 2328 Ὑρκανίων
631 2237 803 2328 σατράπου
821 2255 910 2320 παῖς.
945 2229 1027 2328 ἧκον
1046 2238 1084 2308 δέ

70 2381 98 2420 20
113 2341 173 2410 καὶ
200 2346 238 2410 οί
252 2341 431 2429 στρατηγοὶ
449 2346 485 2410 οί
499 2340 763 2428 ὑπολειφθέντες
782 2338 849 2428 ἀμα
867 2346 1085 2428 Παρμενίωνι

115 2443 172 2512 έπδ
198 2447 256 2529 τῆς
281 2444 436 2530 στρατιάς
461 2447 520 2529 τῆς
547 2444 584 2510 έν
602 2447 734 2532 Μηδίᾳ,
752 2441 948 2531 Κλέανδρός
973 2443 1083 2510 τεκαὶ

114 2543 283 2632 Σιτάλκης
317 2545 374 2612 καὶ
397 2537 567 2632 Ἡράκων,
600 2541 663 2628 τὴν
689 2541 817 2630 πολλὴν
843 2547 901 2629 τῆς
928 2547 1083 2630 στρατιάς

113 2645 172 2730 καὶ
191 2637 285 2713 οὗτοι
301 2643 449 2728 ἄγοντες.
489 2639 569 2723 τοάς
587 2641 649 2730 μέν
668 2641 710 2730 δὴ
727 2639 814 2732 ἀμφὶ
833 2639 1031 2730 Κλέανδρόν
1047 2669 1084 2713 τε

112 2748 173 2815 καὶ
202 2744 372 2833 Σιτάλκην
407 2743 513 2813 πολλά
542 2741 789 2814 ἐπικαλούντων
813 2739 928 2824 αότοίς
954 2749 1022 2813 τῶν
1048 2772 1116 2822 τες

74 2885 102 2924 25
117 2851 293 2935 ἐγχωρίων
318 2847 375 2914 καὶ
400 2851 458 2932 τῆς
476 2851 630 2935 στρατιάς
648 2842 765 2934 αὐτῆς,
793 2839 838 2927 οδς
859 2846 930 2934 ἱερά
947 2873 982 2914 τε
1000 2844 1084 2936 πρός

114 2947 234 3018 αὐτῶν
260 2948 471 3035 σεσυλημένα
497 2948 553 3016 καί
579 2945 687 3034 θήκας
705 2947 848 3028 παλαιάς
865 2949 1083 3035 κεκινημένας

115 3051 174 3117 καὶ
193 3047 279 3118 ἄλλα
302 3047 401 3118 ἀδικα
419 3054 500 3134 ἔργα
519 3050 552 3128 ές
570 3047 650 3127 τους
667 3047 842 3135 ὑπηκόους
858 3050 1084 3136 τετολμημένα

115 3151 173 3218 καὶ
188 3148 374 3238 ἀτάσθαλα,
388 3155 494 3218 ταῦτα
508 3149 552 3229 οδς
568 3150 814 3240 ἐξηλέγχθη,
828 3148 909 3230 τούς
922 3149 985 3238 μὲν
998 3144 1083 3218 ἀπέ-

117 3278 258 3338 κτεινεν,
277 3249 322 3331 ἀς
339 3251 484 3331 καὶτοῖς
502 3248 615 3330 ἀλλοις
633 3251 708 3332 δέος
727 3250 814 3320 εἶναι
831 3249 902 3320 ὅσοι
920 3249 1084 3340 σατράπαι

79 3343 140 3438 ωῆ
158 3347 302 3439 ὕπαρχοι
319 3349 341 3440 ἢ
356 3351 521 3441 νομάρχαι
545 3350 795 3439 ἀπολείποιντο,
814 3351 856 3421 τά
871 3363 926 3422 ίσα
946 3355 1084 3432 ἐκείνοις

119 3455 392 3539 πλημμελοῦντας
405 3459 598 3522 πείσεσθαι·
623 3451 696 3541 (καὶ
708 3455 822 3540 τουτο,
840 3463 933 3542 ελπερ
945 3481 975 3522 τι
989 3451 1083 3542 ἀλλο,

119 3554 277 3636 κατέσχεν
297 3556 333 3624 έν
350 3553 464 3643 κόσμῳ
477 3552 519 3622 τά
534 3560 617 3640 ἔθνη
634 3552 675 3622 τά
691 3556 723 3636 ἐξ
735 3552 954 3638 Ἀλεξάνδρου
968 3553 1083 3645 δοριά-
1103 3586 1120 3637 5
