2678 3950
231 229 295 295 264
554 229 804 290 ΑΔΕΞΑΝΔΡΟΤ

232 395 396 476 ἔπεμψαν,
420 386 500 469 τοῦς
517 394 715 475 κρατίστους
732 387 789 455 καί
805 392 984 475 μεγίστους
1001 389 1099 475 σφῶν
1118 387 1189 455 ἐπι-

231 490 419 578 λεξάμενοι,
445 491 503 559 καὶ
529 485 659 578 άρματα
685 487 882 558 πεντακόσια
907 486 971 556 οῦκ
996 487 1192 576 αἰτηθέντες

231 592 288 660 καὶ
317 589 396 672 τοῦς
428 586 576 679 ἀμβάτας
601 595 672 660 τῶν
695 588 862 678 ἁρμάτων.
908 586 1126 678 Ἀλίξανδρος
1152 588 1193 658 δὲ
1310 598 1311 660 1

231 691 404 780 σατράπην
428 691 491 780 μὲν
516 691 645 772 τούτοις
670 718 706 762 τε
730 691 872 759 καὶτῶν
890 695 1042 760 Μαλλῶν
1057 703 1127 770 τοῖς
1145 695 1193 760 ἐτι

231 794 425 881 σωζομένοις
458 792 592 873 ἐπέταξε
626 799 812 862 Φίλιστον·
868 789 949 872 τοῦς
981 788 1127 880 ὁμήρους
1153 789 1221 861 δδε

231 892 347 974 αῦιοῑς
373 892 493 981 άφῆκε,
518 894 559 962 τά
586 892 625 963 δὲ
650 891 780 981 ἅρματα
807 898 934 980 ἔλαβεν.

195 1016 216 1066 4
305 993 362 1075 Ὡς
396 994 565 1064 δὲταῦτα
591 992 684 1084 αῦτῷ
716 993 898 1082 κεκόσμητο
923 993 981 1062 καί
1006 1000 1108 1062 πλοίοι
1136 992 1193 1062 ἐπὶ

231 1102 274 1187 τῇ
292 1100 444 1185 διατριβῇ
470 1101 512 1184 τῇ
540 1097 576 1164 ἐκ
601 1101 661 1164 τοῦ
687 1093 873 1183 τραύματος
899 1094 1006 1162 πολλά
1029 1114 1192 1180 προσενε-

231 1197 437 1284 ναυπήγητο,
452 1193 660 1285 ἀναβιβάσας
674 1198 708 1276 ἐς
720 1195 779 1275 τάς
791 1199 877 1275 ναῦς
890 1198 960 1263 τῶν
971 1193 1034 1282 μὲν
1049 1197 1193 1284 ἑταίρων

233 1298 353 1378 ἱππίας
388 1300 607 1377 ἑπτακοσίους
637 1298 694 1366 καί
729 1303 874 1384 χιλίους,
913 1301 982 1364 τῶν
1012 1301 1121 1376 ψιλῶν
1152 1295 1192 1365 δὲ
1206 1327 1234 1368 ιο

232 1399 402 1488 ὅσουσπερ
416 1398 660 1489 καὶπρότερον,
674 1395 790 1480 πεζοῦς
804 1398 842 1466 δὲ
856 1401 889 1476 ἐς
902 1403 1058 1485 μυρίους,
1073 1395 1193 1482 ὀλίγον

231 1502 294 1590 μέν
319 1527 349 1570 τι
373 1503 420 1592 τῷ
444 1497 614 1588 ’Ῥδροῶτη
640 1503 776 1590 ποταμῷ
801 1497 1040 1567 κατέπλευσεν·
1081 1497 1126 1577 ῶς
1153 1497 1194 1566 δδ

233 1600 409 1689 συνέμιξεν
427 1598 644 1688 ὁὙδραῶτης
664 1603 714 1690 τῶ
729 1598 895 1688 Ἀκεσίυη,
922 1595 973 1666 ὅτι
989 1595 1007 1666 ό
1022 1595 1193 1686 Ἀκεσίνης

232 1717 350 1792 κρατεί
373 1707 435 1770 τοῦ
450 1699 637 1788 ’Ἰδραῶτου
654 1703 695 1789 τῇ
716 1703 902 1789 ἐπωνυμίᾳ,
920 1698 1002 1770 κατά
1019 1698 1080 1768 τόν
1094 1698 1190 1770 Ἀκε-

233 1811 331 1891 σίνην
348 1793 392 1870 αῦ
406 1807 506 1889 ἔπλει,
525 1807 598 1871 ἔστε
616 1801 670 1871 ἐπί
686 1800 748 1890 τὴν
760 1799 933 1889 ξυμβολὴν
945 1805 1007 1868 τοῦ
1018 1795 1191 1871 Ἀκεσίνου
1206 1831 1232 1872 ιε

200 1906 291 1973 εκαλ
323 1907 385 1972 τοῦ
407 1899 518 1973 Ἰνδοῦ
544 1892 612 1990 ἧκε.
660 1903 817 1991 τέσσαρες
849 1902 913 1990 γάρ
939 1891 1030 1970 οῦτοι
1054 1902 1193 1990 μεγάλοι

232 2003 375 2091 ποταμοὶ
401 2004 457 2072 καὶ
475 2012 674 2091 ναυσίποροι
691 2008 727 2072 οί
749 2003 906 2092 τέσσαρες
932 2009 981 2082 είς
1006 2001 1068 2071 τόν
1081 2000 1192 2073 Ἰνδόν

232 2103 385 2191 ποταμόν
400 2104 438 2173 τό
454 2101 548 2191 ῦδοιρ
567 2103 826 2192 ξυμβάλλουσιν,
845 2101 885 2172 οῦ
904 2101 968 2185 ξῦν
984 2111 1027 2192 τῇ
1046 2104 1192 2194 σφετέρᾳ

234 2209 368 2286 ἕκαστος
401 2208 593 2296 ἐπωνυμίᾳ,
628 2202 712 2273 άλλά
745 2202 950 2293 δ’Ῥδάσπης
981 2205 1044 2292 μὲν
1071 2209 1105 2284 ἐς
1129 2205 1192 2274 τὸν

228 2305 402 2395 Ἀκεσίνην
422 2307 587 2395 ἐμβάλλει,
615 2304 768 2394 ἐμβαλῶν
786 2304 825 2375 δὲ
840 2305 878 2374 τό
897 2311 966 2375 πάν
984 2303 1079 2393 ῦδωρ
1092 2303 1190 2376 Ἀκε-
1203 2335 1229 2377 ιο

233 2415 333 2497 σίνην
359 2410 534 2498 παρέχεται
558 2407 779 2494 καλούμενον·
813 2399 914 2486 αῦθις
931 2406 969 2476 δὲ
986 2404 1004 2475 ὁ
1019 2405 1191 2496 Ἀκεσίνης

232 2501 332 2591 οὗτος
345 2510 523 2599 ξυμβάλλει
531 2511 578 2601 τῷ
588 2508 770 2598 Ὺδραῶτη,
785 2509 842 2576 καὶ
854 2507 1059 2596 παραλαβῶν
1068 2513 1191 2578 τοῦτον

233 2618 280 2682 ἔτι
299 2610 469 2699 Ἀκεσίνης
497 2613 581 2680 ἐστί·
625 2609 766 2679 καὶτὸν
782 2607 926 2696 Ὕφασιν
954 2611 1010 2679 ἐπὶ
1035 2609 1143 2702 τούτῳ
1169 2607 1189 2679 δ

229 2710 400 2800 Ἀκεσίνης
427 2709 632 2800 παραλαβῶν
657 2715 705 2802 τῶ
732 2709 839 2779 αῦτοῦ
866 2710 907 2797 δὴ
925 2705 1063 2799 ὀνόματι
1081 2713 1114 2790 ἐς
1131 2709 1190 2780 τόν

229 2811 338 2882 Ἰνδόν
353 2812 520 2900 ἐμβάλλει·
548 2809 701 2899 ἐμβαλῶν
719 2811 756 2881 δὲ
769 2810 940 2900 ’ξυγχωρεῖ
950 2810 1012 2900 ἤδη
1026 2810 1187 2904 τῷἸνδῶ.
1203 2837 1230 2886 ιο

234 2920 334 2984 ἔνθεν
353 2912 394 3000 δὴ
412 2911 550 2992 ὁἸνδδς
576 2912 656 3000 πρὶν
683 2913 716 2992 ἐς
732 2912 770 2982 τό
784 2914 896 2982 Δέλτα
922 2918 1101 3000 σχισθῆναι
1125 2911 1190 2982 οῦκ

233 3013 359 3084 άπιστῶ
392 3012 443 3083 ὅτι
475 3015 533 3083 καὶ
559 3014 593 3094 ἐς
626 3011 745 3083 ἑκατόν
779 3018 937 3095 σταδίους
978 3019 1107 3102 ἔρχεται
1131 3015 1190 3082 καὶ

232 3113 320 3203 ῦπδρ
351 3115 431 3195 τοῦς
464 3114 582 3184 ἑκατόν
606 3115 712 3201 τυχόν
737 3119 856 3204 ἵναπερ
883 3114 1027 3204 λιμνάζει
1051 3116 1189 3203 μᾶλλον.

184 3225 224 3290 15
307 3213 473 3287 Ἐνταῦθα
500 3215 553 3285 ἐπὶ
572 3231 645 3296 ταῖς
661 3219 842 3304 ξυμβολαῖς
860 3222 922 3285 τοῦ
941 3215 1114 3286 Ἀκεσίνου
1131 3215 1190 3284 καί

232 3322 293 3386 τοῦ
315 3315 427 3388 Ἰνδοῦ
453 3318 658 3404 προσέμενεν
683 3323 756 3387 ἔστι
781 3315 920 3404 άφίκετο
946 3314 1037 3408 αῦτῶ
1064 3314 1128 3398 ξῦν
1144 3319 1187 3405 τῇ
1203 3343 1232 3384 ιο

233 3421 367 3508 στρατιᾷ
385 3423 587 3506 Περδίκκας,
612 3415 922 3506 καταστρεψάμενος
940 3420 976 3486 ἐν
994 3416 1132 3509 παρόδῳ
1149 3416 1189 3486 τό

228 3515 443 3606 Ἀβαστανῶν
470 3523 570 3600 ἔθνος
596 3517 792 3607 αὐτόνομον.
837 3520 874 3588 ἐν
898 3517 1009 3613 τοάτμ
1035 3518 1071 3587 δὲ
1089 3516 1189 3588 άλλαι
