2650 3948
266 239 301 288 1v
485 263 491 272 ·
653 239 836 290 Prasmonita.

265 411 343 467 rem,
365 392 429 452 fieri
449 393 569 470 quidem
589 411 651 453 non
676 388 777 468 potuit
801 393 873 469 quin
900 393 991 452 editio
1013 409 1032 456 a
1051 412 1098 452 mc
1119 410 1222 469 recog-

265 478 328 536 nita
342 495 410 536 cum
430 477 593 554 Krdgari
614 479 645 538 ct
666 476 851 538 Sintenisi
873 472 1069 550 editionibus,
1093 494 1222 553 quorum

266 562 396 621 virorum
418 561 548 638 insignia
567 562 600 621 in
620 561 780 620 Arriauum
801 561 909 622 marita
929 579 1017 621 nemo
1037 579 1086 620 ma
1108 562 1223 637 gratior

265 643 441 718 admiratur,
464 663 530 705 cum
551 645 693 705 sescentis
707 646 780 706 locis
794 646 939 704 librorum
953 643 1223 722 manuscriptorum

265 726 443 788 tenuitatem
469 729 583 808 ingenii
608 731 790 806 praestantia
816 732 847 789 ct
872 731 1010 790 lectionis
1037 730 1122 806 copia
1143 748 1223 789 ccm-

264 815 439 888 pensarent‚
460 812 493 872 in
505 813 653 890 plerisque
670 814 863 889 consentiret3
886 814 918 874 in
938 815 1039 890 paucis
1061 813 1098 872 ab
1119 831 1224 873 eorum

265 896 445 957 editionibus
466 897 588 971 recessi,
611 897 664 956 ubi
684 897 730 956 illi
751 899 808 958 viri
822 897 903 958 docti
923 898 956 958 in
971 897 1145 974 corrigendo
1166 898 1224 957 hoc

266 981 408 1056 scriptore
428 982 522 1041 nimio
545 981 664 1058 longius
684 981 834 1060 progressi
855 1001 919 1042 esse
938 981 1126 1042 ridebantur.

349 1064 504 1141 Tanquam
525 1065 749 1125 fundamentum
763 1066 832 1126 huic
845 1066 969 1126 editioni
986 1067 1154 1126 substratus
1177 1067 1233 1140 estv

265 1151 364 1210 textus
385 1169 404 1207 a
423 1149 561 1226 Krdgaro
582 1151 775 1225 constitutum
798 1169 833 1210 cx
853 1169 912 1226 quo
936 1152 1014 1209 enim
1034 1151 1086 1210 ille
1102 1150 1224 1208 Arriani

266 1233 412 1293 anabasim
443 1233 537 1292 edidit
572 1229 683 1313 (Barol.
713 1235 803 1294 1833.
833 1228 939 1316 1848),
978 1236 1063 1310 larga
1088 1234 1223 1293 codicum

266 1317 466 1378 Parisinornm
487 1320 559 1378 tunc
586 1317 715 1394 primum
736 1337 754 1376 a
774 1318 917 1378 Ddbnero
938 1317 1115 1378 collatorum
1137 1319 1224 1392 copia

266 1399 444 1476 instructus,
472 1420 559 1461 nemo
580 1401 653 1475 fuit,
675 1402 727 1478 qui
747 1403 834 1463 noris
855 1403 989 1462 codicum
1010 1402 1150 1463 subsidiis
1171 1401 1222 1460 ad-

266 1486 347 1546 iutus
361 1485 483 1546 Arriani
496 1487 587 1546 verba
600 1487 790 1546 recensuerit.
816 1487 962 1547 Brevitati
977 1489 1013 1546 ut
1026 1487 1221 1559 consulerem,

267 1587 333 1630 cum
359 1570 482 1630 uberior
514 1565 676 1646 disputatio
708 1570 746 1629 ab
773 1570 881 1630 harum
913 1571 1074 1631 editionum
1106 1569 1222 1630 ratione

267 1654 363 1714 alisna
390 1655 482 1726 esset,
510 1672 612 1714 carum
640 1657 757 1714 tantum
778 1655 939 1716 lectionum
959 1655 1150 1715 auctoritates
1171 1673 1221 1730 ap·

266 1738 369 1814 posui,
396 1756 472 1813 quac
492 1755 529 1798 cx
549 1737 704 1798 doctorum
724 1739 876 1799 hominum
898 1739 1067 1800 coniectura
1087 1741 1222 1814 receptae

266 1825 344 1886 sunt
388 1819 468 1881 Sciat
487 1820 581 1898 igitur
607 1823 700 1883 lector
719 1823 824 1883 harum
844 1843 945 1884 rerum
973 1823 1139 1900 studiosus,
1167 1816 1221 1880 ubi

266 1906 341 1966 nihil
355 1905 527 1966 adnotatum
541 1907 702 1981 invenerit,
724 1907 816 1968 libros
836 1907 980 1984 quosdam
993 1910 1108 1967 veteres
1122 1905 1220 1966 nobis·

266 2009 333 2050 cum
344 1991 519 2052 consentire.
534 1989 734 2051 Parisinorum
745 1991 891 2068 optimum
902 1991 1074 2067 cxKrdgeri
1086 1991 1219 2066 exemplo

268 2073 416 2152 (Barolini
439 2073 536 2156 1848)
558 2093 584 2148 o,
609 2076 738 2151 reliquos
760 2076 835 2136 duos
856 2075 980 2136 minoris
1001 2075 1092 2151 pretii
1113 2079 1134 2133 d
1152 2078 1220 2134 etc

266 2159 438 2236 significavi.
483 2163 508 2217 A
537 2162 583 2219 ast
608 2159 742 2219 codicum
763 2160 1007 2220 Florentinorum
1035 2159 1179 2235 optimus,
1203 2177 1220 2216 a

267 2243 416 2305 Gronovio
438 2244 573 2304 collatus.

349 2327 480 2388 Nomina
516 2327 668 2401 indicis,
704 2329 798 2404 priori
829 2328 954 2389 editioni
988 2327 1109 2404 adiecti,
1145 2344 1219 2401 quae

266 2412 398 2472 Latine
420 2412 611 2492 legebantur,
635 2411 772 2473 Graeca
787 2409 916 2490 reddidi,
939 2414 974 2472 ut
987 2429 1078 2472 usuro
1092 2409 1219 2470 habilior

267 2497 414 2557 evaderet.
