2678 3950
499 245 683 298 mmlx
700 249 729 313 ι,
747 249 788 302 ει,
1064 245 1124 310 183

163 402 220 471 καί
238 405 366 488 φιλίαν,
391 399 455 489 τήν
472 408 584 472 πίστιν
601 429 637 472 τε
653 404 710 472 καί
729 403 918 492 δικαιότητα
935 404 1123 492 μεγαλωστί

165 502 281 592 ἐπῄνει
299 505 359 571 τού
384 503 557 591 βασιλέως,
583 505 625 572 τά
647 502 679 572 τ’
705 500 789 573 ἀλλα
811 507 869 573 καὶ
892 503 930 574 τό
956 504 1064 574 αύτού
1088 507 1124 574 έν

122 653 128 668 .
164 602 307 693 πρώτοις
326 605 359 683 ές
376 611 557 693 βεβαίωσιν
574 610 635 674 τού
653 604 757 692 λόγου
775 607 966 696 προφέρων.
994 605 1124 686 τούτοις
1140 619 1159 669 8

29 743 33 749 -
165 703 352 784 πεισθείςὸ
374 704 540 795 Χοριήνης
558 705 659 787 αὐτός
676 733 711 776 τε
730 698 789 795 ήκε
807 706 888 795 παρ’
903 705 1124 796 Ἀλέξανδρον

138 806 221 876 ικαὶ
238 809 307 874 τεόν
326 813 461 876 οίκείων
478 806 566 887 τινὲς
583 809 641 876 καὶ
661 809 803 897 ἑταίρων
828 807 945 878 αύτού.
991 808 1126 878 ἐλθόντι

164 907 203 976 δὲ
225 910 272 999 τῷ
297 909 446 998 Χοριήνῃ
470 907 698 997 φιλάνθρωπά
722 935 757 979 τε
781 908 1049 999 ἀποκρινάμενος
1068 909 1125 978 καὶ

164 1015 277 1078 πίστιν
301 1010 335 1088 ἐς
359 1017 476 1096 φιλίαν
500 1008 581 1090 δούς
605 1008 711 1078 αύτόν
737 1009 799 1098 μέν
823 1012 973 1100 κατέχει,
996 1011 1125 1100 πέμψαι

150 1109 203 1178 δὲ
220 1108 348 1178 κελεύει
369 1115 439 1178 τῶν
462 1110 762 1196 συγκατελθόντων
778 1110 872 1192 τινάς
890 1111 982 1204 αύτῷ
1006 1114 1040 1192 ἐς
1063 1111 1125 1199 τήν

165 1211 290 1298 πέτραν
307 1209 387 1291 τούς
409 1211 631 1292 κελεύσοντας
655 1215 815 1296 ἐνδούυαι
832 1210 869 1281 τό
893 1219 1028 1302 χωρίον.
1067 1215 1158 1282 καλε

127 1341 151 1380 ιο
167 1314 334 1382 ἐνδίδοται
350 1311 419 1382 ύπδ
436 1318 505 1381 τῶν
523 1312 821 1402 ξυμπεφευγότων,
846 1311 1004 1382 ὥστεκαὶ
1022 1307 1126 1394 αότδς

160 1411 379 1502 Ἀλέξανδρος
402 1413 583 1503 ἀναλαβάν
600 1419 670 1484 των
693 1413 915 1484 ύπασπιστῶν
944 1418 976 1494 ἐς
1000 1439 1125 1484 πεντα-

165 1521 304 1593 κοσίους
322 1511 426 1603 ἀνέβη
443 1514 527 1584 κατά
544 1517 631 1586 θέαν
648 1521 707 1604 τής
726 1516 867 1606 πέτρας,
885 1517 942 1584 καί
960 1515 1125 1586 τοσούτου

167 1616 304 1701 ἐδέησεν
329 1612 512 1696 ἀνεπιεικές
534 1643 565 1686 τι
589 1619 621 1697 ἐς
644 1616 705 1686 τόν
723 1616 892 1708 Χοριήνην
918 1622 1018 1706 ἔργον
1036 1615 1124 1685 ἀπο·
1163 1643 1169 1659 ·

167 1716 341 1797 δείξασθαι
355 1713 437 1786 ὥστε
453 1719 510 1786 καί
528 1714 612 1786 αύτό
629 1717 666 1786 τό
691 1727 815 1807 χωρίον
834 1721 942 1788 ἐκεῖνο
961 1717 1126 1806 ἐπιτρέπει

127 1844 153 1886 τι
167 1815 317 1907 Χοριήυη
344 1817 400 1887 καί
425 1815 579 1908 ὕπαρχον
606 1817 692 1888 εἶναι
717 1818 870 1908 ὅσωνπερ
896 1819 952 1887 καὶ
974 1818 1126 1910 πρόσθεν

168 1923 282 1988 ἔδωκε.

241 2020 374 2109 Ξυνέβη
403 2019 440 2088 δὲ
465 2025 608 2108 χειμῶνί
627 2046 662 2090 τε
685 2024 922 2110 κακοπαθῆσαι
945 2020 1038 2113 αὐτῷ
1064 2020 1126 2109 τήν
1145 2041 1177 2090 10

168 2118 326 2209 στρατιάν
343 2125 468 2210 πολλής
487 2121 599 2209 χιόνος
620 2120 840 2210 ἐπιπεσούσης
863 2126 901 2192 ἐν
923 2128 966 2212 τῇ
991 2130 1127 2212 πολιορ-

166 2229 226 2311 κίᾳ
251 2223 309 2290 καί
341 2221 411 2310 άμα
441 2219 568 2314 ἀπορία
593 2229 663 2292 των
691 2227 885 2313 ἐπιτηδείων
913 2225 1126 2312 ἐπιέσθησαν.

128 2350 155 2391 ιο
168 2321 252 2391 ἀλλά
279 2323 446 2412 Χοριήνης
479 2327 513 2404 ἐς
545 2329 689 2413 δίμηνον
722 2333 810 2396 σιτία
845 2331 907 2414 ἔφη
940 2323 1061 2394 δύσειν
1086 2328 1128 2414 τῇ

168 2426 305 2513 στρατιᾷ
332 2425 389 2492 καί
416 2430 520 2494 ἐδωκε
546 2425 642 2496 σίτόν
667 2453 703 2495 τε
728 2427 784 2494 καὶ
809 2425 905 2495 οἶνον
930 2429 998 2494 τάν
1024 2427 1060 2494 έν
1084 2429 1127 2514 τῇ
1150 2479 1151 2482 ¹

168 2526 273 2614 πέτρᾳ
292 2523 469 2595 ἀποθέτων
487 2526 567 2616 κρέα
584 2553 619 2596 τε
633 2525 791 2615 ταριχηρά
810 2525 894 2596 κατά
908 2525 1043 2614 σκηνήν.
1071 2527 1128 2595 καί

166 2629 275 2694 ταῦτα
296 2624 379 2707 δούς
401 2624 466 2696 ούκ
489 2633 635 2716 ἔφασκεν
654 2624 826 2696 ἀναλῶσαι
844 2633 914 2696 τάν
940 2647 1127 2716 παρεσκευ·

169 2725 326 2814 ασμένων
352 2730 385 2808 ἐς
404 2726 466 2815 τήν
490 2735 688 2816 πολιορκίαν
711 2724 795 2798 ου’δὲ
812 2727 874 2815 τήν
892 2727 1033 2816 δεκάτην
1050 2741 1128 2816 μοι·

129 2853 155 2896 ιε
169 2854 243 2915 ραν.
289 2832 389 2898 ἐνθεν
409 2831 446 2899 ἐν
463 2835 543 2918 τιμή
561 2835 690 2918 μάλλον
716 2835 763 2922 τῷ
784 2829 991 2922 Ἀλεξάνδρῳ
1014 2820 1056 2918 ήυ
1082 2828 1128 2910 ιός

169 2925 210 2998 ού
237 2927 321 3019 πρὸς
347 2936 426 3018 βίαν
451 2937 580 3018 μᾶλλον
605 2925 626 3018 ή
652 2929 736 3000 κατά
760 2931 897 3021 γνάμην
921 2929 1042 3011 ένδοός
1065 2929 1128 3019 τήν

168 3054 304 3118 πετραν.
1115 3073 1119 3084 -

250 3137 363 3202 Ταῦτα
395 3133 434 3202 δὲ
459 3132 752 3223 καταπραξάμενος
775 3133 991 3223 Ἀλέξανδρος
1024 3129 1179 3214 mmm

169 3230 231 3321 μὲν
265 3235 299 3314 ἐς
332 3233 467 3326 Βάκτρα
494 3231 560 3324 ήει·
608 3234 782 3322 Κράτερον
815 3235 854 3304 δὲ
886 3241 955 3304 τάν
987 3236 1129 3322 ἑταίρων

131 3357 157 3402 ιο
172 3335 293 3415 ίππέας
320 3341 438 3423 ἔχοντα
467 3338 666 3418 ἑξακοσίους
685 3337 743 3406 καί
768 3341 838 3406 τάν
865 3341 972 3420 πεζόν
1006 3335 1067 3422 τήν
1092 3361 1131 3418 τεΙ

170 3433 276 3505 αὑτοῦ
294 3437 387 3519 τάξιν
408 3438 465 3507 καί
489 3435 551 3525 τήν
575 3438 875 3526 Πολυσπέρχοντος
899 3438 955 3506 καὶ
971 3431 1128 3506 Ἀττάλου

159 3535 226 3605 ’καί
256 3535 317 3626 τήν
339 3537 477 3609 Ἀλκέτα
510 3537 564 3608 ἐπὶ
598 3537 757 3625 Κατάνην
787 3563 824 3608 τε
856 3537 913 3606 καὶ
950 3534 1130 3620 Αὐστάνην
