2678 3950
457 241 639 293 ιυιοιειε
658 245 685 307 ε,
703 244 744 296 ει.
762 244 805 294 ιο.
1049 240 1112 306 243

151 395 332 488 άχθύμενοι
357 399 420 488 μὲν
446 405 489 488 τῇ
516 396 603 488 ὀργῇ
622 395 729 468 αὐτοῦ
748 403 842 486 δῆλοι
858 392 960 489 ἦσαν,
987 398 1028 471 ού
1044 400 1114 490 μὴν

150 499 432 590 μεταβαλλόμενοι
457 528 495 587 γε
521 497 581 570 ὑπ’
611 497 736 586 αὐτῆς,
771 504 920 572 ἐνταῦθα
956 501 998 590 δὴ
1025 504 1114 588 λε’γει

151 609 358 690 Πτολεμαῖος
384 595 402 670 ὁ
431 602 549 688 Λάγον
587 600 637 680 ὅτι
670 602 724 670 ἐπὶ
759 605 800 691 τῇ
835 601 985 690 διαβάσει
1011 601 1114 673 ούδδν

150 719 245 790 μεῖον
273 704 405 790 ἐθύετο,
430 704 588 795 θυομένῳ
616 701 654 770 δὲ
680 700 744 790 ούκ
773 706 924 789 ἐγίγνετο
953 701 1045 795 αύτῷ
1072 704 1113 772 τά

125 803 236 894 τίερά.
280 803 354 873 τότε
380 802 422 892 δὴ
447 803 528 884 τούς
554 803 804 892 πρεσβυτάτους
829 832 865 874 τε
882 810 951 873 τοῖν
971 808 1113 896 ἑταίρων

149 907 205 974 καὶ
231 903 372 994 μάλιστα
390 904 469 985 τούς
488 907 695 992 ἐπιτηδείους
713 902 807 996 αύτῷ
825 906 1039 993 ξυναγαγών,
1068 904 1114 987 ὥς

151 1005 260 1076 πάντα
293 1010 327 1087 ἐς
359 1006 421 1094 τὴν
454 1003 562 1076 ὀπίσω
602 1002 817 1093 ἀναχώρησιν
850 1003 944 1098 αύτῷ
981 1013 1114 1097 ἔφερεν,

151 1110 301 1195 ἐκφαίνει
340 1109 372 1188 ἐς
411 1105 472 1196 τὴν
511 1107 669 1197 στρατιάν
709 1105 759 1176 ὅτι
804 1112 966 1193 ἔγνωσται
1005 1107 1114 1178 ὀπίσω

150 1208 382 1297 ἀποστρέφειν.

113 1341 137 1384 ιι
230 1314 276 1382 Οί
299 1310 336 1379 δὲ
364 1309 470 1398 ἐβόων
496 1337 531 1380 τε
554 1305 610 1380 οία
628 1305 671 1378 άν
688 1307 785 1397 ὄχλος
803 1309 966 1398 ξυμμιγὴς
984 1317 1112 1399 χαίρων
1122 1319 1164 1384 29

150 1411 281 1499 βοήσειε
307 1413 363 1480 καὶ
392 1412 556 1499 ἐδάκρυον
583 1415 618 1480 οί
637 1410 755 1479 πολλοὶ
773 1409 905 1480 αὐτῶν·
950 1416 985 1480 οί
1001 1410 1039 1481 δέ
1056 1413 1114 1481 καὶ

150 1519 194 1601 τῇ
221 1515 329 1600 σκηνῇ
356 1519 398 1602 τῇ
416 1517 574 1600 βασιλικῇ
592 1511 786 1595 πελάζοντες
804 1509 942 1600 εὔχοντο
957 1507 1114 1595 Ἀλεξάν-

152 1618 224 1705 δρφ
242 1611 349 1682 πολλοὶ
364 1615 421 1682 καὶ
448 1613 572 1700 άγαθά,
599 1610 650 1682 ὅτι
668 1611 752 1701 πρὸς
770 1617 867 1701 σφοῖν
884 1612 1000 1701 μόνοιν
1018 1641 1114 1701 νικηυ

151 1718 255 1802 θῆναι
280 1709 447 1802 ἠνέσχετο.
488 1721 572 1784 ἔνθα
599 1712 641 1800 δὴ
668 1711 787 1782 διελών
810 1713 895 1782 κατὰ
920 1715 1025 1804 τάξεις
1051 1715 1114 1801 τὴν

115 1847 140 1888 ιε
153 1815 311 1904 στρατιάν
331 1815 462 1885 δύδεκα
481 1813 616 1902 βωμούς
636 1812 890 1898 κατασκευάζειν
908 1815 1115 1907 προστάττει,

153 1915 241 2000 ύιγος
268 1916 330 2005 μὲν
356 1916 439 1989 κατά
465 1914 547 1997 τούς
572 1924 752 2004 μεγίστους
770 1914 934 2006 πύργους,
961 1908 1059 2005 εὖρος
1077 1917 1115 1986 δὲ

33 2065 41 2070 -
152 2025 304 2108 μειῖονοις
322 2024 368 2088 ἐτι
386 2015 409 2106 ἢ
426 2017 511 2088 κατά
530 2017 698 2105 πύργους,
723 2017 916 2107 χαριστήρια
934 2033 1003 2098 τοῖς
1021 2030 1115 2099 θεοῖς

152 2135 223 2201 τοῖς
249 2122 282 2201 ἐς
302 2120 441 2190 τοσόνδε
462 2119 647 2206 άγαγούσιν
668 2113 775 2188 αύτόν
792 2124 938 2187 νικῶντα
954 2120 1011 2188 καὶ
1028 2147 1114 2207 μνη-

152 2237 230 2310 μεῖα
256 2227 324 2291 τῶν
350 2216 456 2291 αὑτοῦ
482 2221 609 2291 πόνων.
662 2219 708 2300 άς
740 2219 778 2288 δὲ
811 2223 1148 2308 κατεσκευασμένων

114 2353 140 2392 ιι
153 2321 248 2414 αύτῷ
275 2328 309 2393 οί
332 2323 440 2412 βωμοὶ
458 2313 555 2409 ἦσαν,
582 2321 661 2391 θύει
678 2319 720 2408 δὴ
739 2314 792 2388 ἐπ’
816 2318 931 2389 αύτοῖν
950 2318 995 2401 άς
1011 2321 1115 2411 νύμος

153 2425 209 2493 καὶ
235 2423 351 2511 άγοὸνοι
369 2439 459 2492 ποιεῖ
474 2422 638 2510 γυμνικόν
655 2449 691 2490 τε
709 2421 765 2490 καὶ
784 2420 931 2490 ίππικόν.
977 2422 1035 2490 καὶ
1053 2420 1115 2508 τὴν

153 2524 216 2613 μὲν
239 2523 353 2616 χάραν
377 2522 437 2611 τὴν
454 2525 550 2612 μέχρι
574 2528 637 2592 τού
653 2517 807 2608 ’Ἢφάσιος
825 2525 975 2610 ποταμοῦ
1002 2523 1115 2615 Πύρφ

154 2624 268 2714 άρχειν
299 2626 522 2714 προσέθηκεν,
555 2621 658 2703 αύτδς
693 2622 730 2692 δέ
763 2622 817 2690 ἐπὶ
842 2620 902 2692 τὸν
924 2617 1115 2711 Ὑδραώτην

154 2725 347 2814 άνέστρεφε.
400 2728 517 2813 διαβὰς
555 2723 593 2794 δέ
629 2721 689 2794 τὸν
717 2721 924 2813 Ἱδραάτην,
967 2725 1022 2794 ἐπὶ
1054 2723 1115 2793 τδν

115 2857 140 2898 ιο
150 2825 328 2913 Ἀκεσίνην
354 2816 398 2896 αὖ
427 2824 563 2916 ἐπανῄει
589 2821 706 2895 ὀπίσω.
751 2826 808 2894 καὶ
835 2827 984 2895 ἐνταῦθα
1010 2849 1149 2897 κατα-3

154 2928 317 3016 λαμβάνει
341 2926 403 3016 τὴν
421 2927 519 2996 πόλιν
547 2927 842 3020 ἐξῳκοδομημένην
866 2925 982 3015 ἥντινα
997 2927 1116 3015 Ἠφαι-

154 3036 257 3098 στίων
299 3023 392 3122 αύτῷ
430 3031 602 3116 ἐκτειχίσαι
637 3027 777 3116 ἐτάχθη·
829 3028 885 3097 καὶ
922 3031 955 3109 ἐς
988 3028 1116 3116 ταύτην

154 3134 344 3214 ξυνοικίσας
361 3137 431 3200 τῶν
447 3157 484 3200 τε
501 3129 708 3222 προσχύροιν
727 3129 801 3200 ὅσοι
817 3130 991 3200 ἐθελονταὶ
1005 3157 1115 3222 κατφπ

154 3240 282 3316 κίζοντο
314 3233 370 3301 καὶ
396 3237 465 3300 τῶν
490 3231 711 3320 μισθοφόρων
737 3228 756 3300 ὅ
781 3259 812 3300 τι
838 3257 900 3319 περ
927 3225 1115 3319 άπόμαχον,

115 3362 141 3403 ιο
154 3331 258 3415 αύτὸς
284 3333 324 3402 τά
344 3333 398 3402 ἐπί
416 3337 463 3426 τῷ
481 3331 640 3426 κατάπλῳ
658 3331 920 3423 παρεσκευάζετο
938 3337 986 3424 τῷ
1008 3334 1041 3412 ἐς
1054 3329 1115 3417 την

153 3435 302 3524 μεγάλην
327 3433 514 3506 θάλασσαν.

227 3534 280 3610 Ἐν
313 3535 420 3630 τούτῳ
453 3535 490 3604 δὲ
523 3535 683 3624 ἀφίκοντο
710 3533 794 3626 πρὸς
822 3531 929 3605 αύτὸν
951 3530 1149 3623 Ἀρσάκης4

860 3646 912 3698 16¹
