2590 3948
463 269 644 319 εαιυωιιν
663 271 689 332 τ,
707 270 733 320 ε.
1003 268 1067 334 299

105 429 163 494 ίνα
191 418 398 512 Ἡφαιστίων
432 421 524 516 αύτῷ
560 423 622 512 τὴν
655 426 802 514 δύναμιν
836 427 948 495 πάσαν
981 434 1067 514 έχων

106 527 408 613 ἐστρατοπεδεύκει.
450 529 582 596 έκείθεν
609 524 647 595 δέ
665 518 765 607 αὖθις
794 535 884 598 ἔπλει
910 519 1067 616 ε’ςὨπιν,

105 627 204 697 πόλιν
218 627 272 695 ἐπὶ
284 633 346 697 τοῦ
366 635 529 717 Τίγρητος
544 625 741 719 ρίκισμένην.
763 631 799 697 έν
814 628 852 697 δὲ
864 633 913 720 τῷ
926 627 1067 722 ἀνάπλῳ

104 727 185 808 τούς
202 728 431 818 καταρράκτας
448 726 529 808 τούς
547 727 631 797 κατά
650 730 712 798 τόν
729 730 882 818 ποταμὸν
895 728 1068 816 ἀφανίζων

78 827 235 917 ιόμαλόν
261 829 369 917 πάντη
397 832 501 900 ἐποίει
525 827 586 898 τόν
612 833 711 920 ῥοῦν,
738 838 775 901 οἳ
798 830 840 919 δη
868 833 904 899 ἐκ
923 837 1068 922 Περσων

105 931 320 1019 πεποιημένοι
344 924 444 1019 ἦσαν,
469 931 530 1000 τού
553 928 690 1019 μήτινα
708 931 774 1000 ἀπό
792 932 965 1021 θαλάσσης
983 932 1067 1002 ἀνα-

104 1037 248 1102 πλεῦσαι
273 1038 321 1111 είς
346 1031 409 1119 τὴν
435 1031 548 1122 χεόραν
566 1031 682 1102 αύταῑν
699 1039 797 1122 νηίτη
817 1033 926 1125 στόλῳ
944 1033 1068 1122 κρατή-

105 1156 220 1204 σαντα.
253 1139 361 1202 ταύτα
387 1132 426 1203 δέ
451 1133 663 1222 μεμηχάνητο
689 1131 746 1203 άτε
772 1132 814 1221 δη
838 1133 880 1203 ον’
898 1150 1068 1215 ναυτικοῖς

104 1250 175 1315 τοῖς
206 1236 369 1324 Πέρσαις·
410 1232 499 1304 οὕτω
526 1233 568 1322 δὴ
594 1250 748 1322 συνεχεῖς
779 1240 817 1304 οί
844 1237 1069 1324 καταρράκται

67 1365 92 1404 ιο
106 1337 320 1424 πεποιημένοι
337 1334 466 1423 ἀπορον
484 1334 544 1403 τόν
562 1335 738 1405 ἀνάπλουν
757 1338 895 1406 ἐποίουν
912 1335 971 1405 τόν
984 1337 1068 1406 κατὰ

105 1436 168 1507 τάν
200 1445 355 1528 Τίγρητα.
404 1431 620 1524 Ἀλέξανδρος
646 1437 684 1506 δέ
710 1436 773 1506 ούκ
800 1444 864 1526 ἔφη
890 1443 959 1506 τῶν
984 1464 1069 1527 κρα-

105 1537 260 1607 τούντων
284 1553 356 1618 τοίς
382 1537 497 1618 ὅπλοις
524 1537 610 1606 εἶναι
635 1537 676 1606 τά
701 1543 839 1608 τοιαῦτα
864 1545 1069 1628 σοφίσματα·

108 1638 237 1708 ούκουν
255 1637 340 1728 πρός
359 1636 466 1709 αύτοῦ
487 1642 628 1708 ἐποιεῖτο
646 1639 774 1728 ταύτην
790 1640 853 1726 τὴν
871 1639 1070 1729 ἀσφάλειαν,

105 1738 225 1827 ἥντινα
244 1747 332 1832 έργφ
350 1737 432 1810 ούδὲ
450 1740 553 1826 λόγου
567 1739 667 1820 ἀξίαν
681 1739 844 1830 ἀπέφηνε,
863 1739 904 1810 ού
918 1745 1070 1829 χαλεποῖς

68 1867 93 1905 ιι
108 1842 271 1922 διακόψας
297 1844 366 1910 τῶν
392 1847 537 1928 Περσων
563 1839 603 1910 τά
631 1841 883 1930 σπουδάσματα.

180 1939 236 2022 Ὡς
263 1942 301 2012 δέ
327 1945 360 2022 ές
382 1935 563 2030 τηνὪιτιν
586 1942 735 2030 ἀφίκετο,
763 1942 966 2031 ξυναγαγών
989 1942 1106 2025 τούς8

107 2043 311 2124 Μακεδόνας
337 2059 498 2133 προεῖπεν
524 2043 574 2113 ὅτι
598 2043 679 2125 τούς
700 2039 769 2114 ύπό
786 2043 897 2136 γήρως
914 2043 936 2134 ἢ
954 2045 1071 2135 πηριό-

107 2167 190 2226 σεως
216 2151 277 2214 τού
310 2144 461 2233 σώματος
485 2143 640 2234 ἀχρείους
673 2148 706 2226 ές
738 2145 778 2214 τά
805 2148 944 2236 πολέμια
970 2143 1071 2228 ὄντας

107 2246 273 2334 παραλύει
303 2245 367 2334 μέν
391 2252 450 2334 τῆς
478 2253 646 2335 στρατιᾶς,
679 2244 867 2336 ἀποπέμπει
898 2249 937 2317 δὲ
970 2251 1004 2328 ές
1029 2246 1070 2316 τά

68 2370 94 2410 ιο
107 2351 251 2435 σφέτερα
264 2347 348 2434 ἤθη
377 2347 531 2416 έπιδύσει
544 2347 581 2416 δὲ
599 2347 799 2416 ἀπιοῦσιν
817 2346 880 2417 ὅσα
894 2346 1020 2429 αύτούς
1036 2375 1072 2418 τε

107 2450 349 2536 ζηλωτοτέρους
384 2447 514 2536 ποιήσει
544 2462 614 2528 τοῖς
647 2459 732 2517 οἶκοι
757 2449 814 2517 καὶ
839 2447 921 2529 τούς
947 2447 1071 2530 ἀλλους

109 2547 314 2630 Μακεδόνας
340 2549 510 2637 ἐξορμήσει
527 2551 561 2629 ές
578 2547 616 2617 τό
636 2550 765 2618 έθέλενν
781 2554 849 2618 τῶν
867 2548 982 2619 αύτάν
998 2577 1072 2619 κιν-

109 2649 226 2718 δύνων
251 2651 360 2720 τεκαὶ
378 2650 493 2719 πόνων
509 2651 667 2738 μετέχειν.
708 2648 925 2740 Ἀλέξανδρος
943 2650 1006 2739 μέν
1026 2645 1105 2732 ἀςσ

109 2751 327 2840 χαριούμενος
353 2757 459 2838 δῆθεν
475 2765 545 2830 τοῖς
564 2750 738 2821 Μακεδόσι
754 2757 860 2820 ταῦτα
878 2759 1007 2838 ἔλεγεν·
1038 2757 1076 2822 οί

70 2879 95 2917 ιε
111 2851 148 2920 δὲ
175 2851 220 2932 αἱς
245 2851 500 2941 ὑπερορώμενοί
523 2879 558 2920 τε
583 2850 646 2940 ἤδη
672 2851 991 2944 πρόςἈλεξάνδρου
1015 2853 1072 2922 καί

109 2950 236 3044 ἀχρεῖοι
249 2953 358 3042 πάντη
377 2955 411 3034 ἐς
427 2955 468 3022 τά
487 2953 625 3041 πολέμια
642 2953 850 3042 νομιζόμενοι
861 2950 925 3024 ούκ
942 2953 1070 3042 ἀλόγως

110 3047 156 3122 αύ
182 3061 231 3148 τῷ
258 3054 347 3148 λόγῳ
365 3053 583 3144 ἠχθέσθησαν
608 3061 655 3147 τῷ
674 3054 757 3139 πρός
771 3054 995 3146 Ἀλεξάνδρου
1014 3064 1071 3125 λε·

110 3157 238 3244 χθέντι,
264 3156 347 3226 κατά
373 3155 436 3244 τήν
463 3155 618 3244 στρατιάν
643 3156 770 3245 ταύτην
797 3163 910 3228 πᾶσαν
935 3165 1071 3238 πολλοῖς

110 3256 167 3322 καὶ
197 3257 310 3339 ἀλλοις
335 3255 575 3346 ἀχθεσθέντες,
609 3255 658 3326 ὅτι
683 3258 841 3339 πολλάκις
867 3257 931 3346 ἤδη
959 3258 1073 3328 έλύτιει

72 3377 98 3418 ιο
112 3353 237 3438 αύτούς
261 3359 283 3446 ἥ
300 3386 334 3428 τε
354 3359 456 3446 ἐσθὴς
473 3359 494 3446 ἡ
513 3358 660 3448 Περσικὴ
680 3361 713 3439 ές
730 3363 830 3428 τοῦτο
848 3363 999 3448 φέρουσα
1016 3361 1072 3428 καὶ

112 3460 180 3523 των
203 3456 387 3547 Ἐπιγόνων
412 3465 480 3528 τῶν
506 3459 685 3550 βαρβάρων
708 3457 729 3547 ἡ
749 3462 781 3542 ές
798 3459 839 3529 τά
854 3458 1071 3530 Μακεδονικά

110 3551 180 3644 ἤθη
206 3560 363 3650 κόσμησις
389 3561 445 3629 καὶ
469 3558 618 3649 ἀνάμιξις
634 3564 702 3630 τῶν
720 3559 924 3651 ἀλλοφύλων
942 3562 1072 3630 ἱππέων
