2590 3948
233 188 297 254 316
586 188 840 245 ειεεειιιεοω

235 347 361 416 σθέντα
374 344 560 434 ἀφελέσθαι
571 340 697 426 αάτοός
712 344 771 426 τάς
786 349 823 416 έιι
835 350 905 414 τών
917 345 1108 434 χρημάτων
1125 340 1227 430 ω’φε-

202 473 218 521 υ
236 455 337 528 λείας.
377 447 467 536 ὅμως
484 447 523 517 δὲ
539 447 582 515 τά
598 475 637 534 γε
653 453 713 535 τῆς
737 449 938 534 ἐπιστροφῆς
955 452 1019 533 τῆς
1037 445 1137 513 κατά
1159 445 1226 532 τὴν

236 553 370 620 είσοδον
385 548 448 636 τὴν
467 551 500 628 ἐς
516 549 581 636 τὴν,
596 547 695 617 πόλιν
714 551 871 634 ἐθελῆσαι
887 545 1004 627 αὐτοῖς
1023 552 1225 634 πεισθῆναι

236 652 323 736 λέγει
345 645 621 740 Ἀριστόβουλος,
646 651 704 718 ιιαλ
731 655 774 738 τῇ
792 647 907 738 πρώτη
934 648 997 736 μὲν
1025 647 1131 737 παρά
1162 647 1224 716 τόν

237 750 390 840 ποταμόν
414 751 475 820 τὸν
502 747 685 839 Εὐφράτην
701 752 1090 837 καταστρατοπεδεῦσαι,
1122 753 1164 829 ἐς
1184 749 1240 818 δὲε
1268 764 1271 791 ³

236 852 300 940 την
324 852 509 939 ὑστεραίαν
536 854 574 920 ἐν
600 855 691 941 δεξιᾷ
718 859 836 939 ἔχοντα
860 852 921 919 τὸν
947 851 1110 938 ποταμόν
1130 850 1220 937 παρ’

238 952 345 1021 αὐτόν
358 952 572 1041 πορεύεσθαι,
592 955 753 1022 ἐθέλοντα
763 951 988 1040 ὑπερβάλλειν
1001 955 1063 1040 τῆς
1078 951 1220 1032 πόλεως

237 1052 275 1122 τδ
293 1055 393 1142 μέρος
409 1052 448 1122 τό
468 1057 501 1134 ές
523 1054 655 1141 δυσμάς
672 1056 911 1143 τετραμμένον,
939 1053 984 1133 ώς
1001 1053 1119 1142 ταύτῃ
1142 1057 1216 1122 ἐπι-

205 1173 221 1219 ε
239 1155 429 1245 στρέψαντα
453 1156 539 1242 πρός
556 1157 601 1224 ἕω
618 1151 729 1241 ἀγειν·
762 1155 847 1224 ἀλλά
865 1153 906 1223 οό
924 1154 990 1240 γάρ
1009 1159 1215 1241 δυνηθῆναι

238 1250 307 1325 ὖπδ
334 1262 525 1344 δυσχωρίας
551 1254 659 1336 οὕτως
683 1255 797 1326 ἐλάσαι
821 1256 885 1338 ξδν
907 1261 951 1345 τῇ
969 1261 1132 1347 στρατιᾷ,
1162 1256 1238 1324 ὅτιιι

238 1357 279 1426 τά
297 1356 363 1426 άπδ
383 1363 523 1446 δυσμῶν
539 1364 598 1443 τῆς
616 1357 744 1438 πόλεως
761 1358 911 1443 εἰσιόντι,
937 1363 969 1426 εί
989 1357 1104 1446 ταύτῃ
1125 1357 1213 1444 πρός

239 1462 284 1528 ἕω
302 1459 514 1546 ἐπέστρεφεν,
534 1459 640 1547 ἑλώδη
656 1486 693 1527 τε
706 1460 762 1527 καὶ
775 1459 948 1545 τεναγώδη
959 1450 1012 1545 ἦν.
1039 1461 1104 1526 καὶ
1119 1459 1211 1527 οὕτω

240 1560 297 1628 καὶ
325 1560 444 1630 ἕιιόντα
469 1562 526 1628 καὶ
553 1558 677 1628 άιιοντα
703 1559 883 1648 ἀπειθῆσαι
907 1563 954 1650 τῷ
980 1565 1064 1650 θεῷ.

192 1672 230 1736 18
314 1658 405 1730 Ἐπεὶ
422 1663 479 1728 καὶ
496 1661 630 1730 τοῖόνδε
646 1663 720 1730 τινά
735 1663 839 1749 λόγου
847 1661 1107 1752 Ἀριστόβουλος
1123 1661 1209 1729 ἀνα-

239 1763 407 1849 γέγραφεν
421 1761 676 1851 Ἀπολλόδωρον
691 1762 753 1832 τόν
766 1763 1006 1850 Ἀμφιπολίτην
1023 1767 1098 1830 τών
1114 1765 1235 1832 ἔναι’-ο

241 1889 311 1950 ρωυ
333 1867 401 1930 τών
421 1861 653 1951 Ἀλεξάνδρου,
679 1863 867 1952 στρατηγόν
892 1869 951 1950 τῆς
978 1869 1140 1952 στρατιᾶς
1167 1862 1207 1951 ἣν

240 1962 331 2048 παρά
364 1970 505 2054 Μαζαίῳ
536 1970 583 2055 τῷ
617 1971 822 2052 Βαβυλῶνος
854 1965 1006 2054 σατράπη
1039 1963 1207 2034 ἀπέλιπεν

237 2062 470 2153 Ἀλέξανδρος,
504 2064 615 2151 ἐπειδὴ
649 2069 825 2153 συνέμιξεν
852 2066 1020 2134 ἐπανιόντι
1045 2065 1147 2157 αὐτῷ
1173 2071 1204 2148 ἐξ

238 2163 367 2252 Ἰνδών,
385 2163 517 2251 ὁρώντα
535 2171 659 2252 πικρῶς
670 2168 922 2256 τιμωρούμενον
935 2167 1014 2247 τούς
1029 2169 1203 2254 σατράπας

241 2264 312 2336 ὅσοι
330 2265 384 2336 ἐπ’
404 2266 489 2354 άλλη
507 2269 565 2336 καί
582 2265 668 2358 άλλη
686 2268 780 2358 χώρᾳ
797 2269 991 2356 τεταγμένοι
1006 2261 1110 2356 ἦσαν,
1131 2273 1201 2338 έπι-
1212 2297 1233 2336 ει

242 2377 369 2437 στεῖλαι
395 2369 592 2459 Πειθαγόρᾳ
618 2374 665 2460 τῷ
693 2367 849 2462 ἀδελφῷ,
876 2368 997 2456 μάντιν
1022 2368 1089 2456 γάρ
1117 2369 1202 2438 εἶναι

240 2469 300 2537 τόν
334 2470 551 2558 Πειθαγόραν
587 2477 646 2558 τῆς
684 2470 750 2539 ἀπό
791 2471 993 2556 σπλάγχνων
1030 2480 1200 2557 μαντείας,

208 2590 224 2637 2
241 2570 493 2657 μαντεύσασθαι
504 2571 561 2639 καὶ
574 2571 662 2658 δπὲρ
677 2571 785 2640 αὐτοῦ
799 2575 858 2659 τῆς
872 2578 1047 2658 σωτηρίας.
1064 2570 1198 2640 ἀντεπιο

243 2680 366 2739 στεῖλαι
392 2671 430 2740 δὲ
456 2669 548 2762 αὐτῷ
580 2673 797 2762 Πειθαγόραν
830 2671 1094 2759 πυνθανόμενον
1125 2681 1199 2742 τίνα

242 2772 383 2858 μάλιστα
408 2773 618 2860 φοβούμενος
643 2774 832 2862 χρήσασθαι
858 2777 969 2844 ἐθέλοι
990 2776 1032 2860 τῇ
1050 2781 1196 2864 μαντείᾳ.
1209 2800 1231 2840 α

241 2871 302 2939 τόν
328 2873 366 2941 δὲ
391 2875 517 2959 γράψαι
543 2864 643 2954 αὖθις
668 2875 720 2943 ὅτι
736 2875 796 2944 τόν
813 2903 849 2944 τε
866 2874 1003 2964 βασιλέα
1020 2869 1126 2942 αότδν
1143 2877 1197 2942 καὶ

241 2971 476 3056 Ἡφαιστίωνα.
520 2973 667 3043 θύεσθαι
694 2977 735 3064 δὴ
762 2976 822 3044 τόν
840 2975 1057 3063 Πειθαγόραν
1084 2981 1196 3064 πρώτα

243 3072 306 3160 μὲν
325 3076 381 3143 ἐπὶ
398 3081 445 3165 τῷ
460 3074 692 3162 Ἡφαιστίωνι·
721 3075 767 3156 ώς
785 3077 823 3146 δὲ
842 3077 897 3146 ἐπὶ
914 3081 977 3144 τοῦ
994 3075 1121 3162 ἥπατος
1137 3083 1195 3146 τοῦ

245 3179 367 3263 ίερείου
394 3173 412 3243 ὁ
438 3175 536 3264 λοβὸς
562 3175 695 3265 ἀφανὴς
720 3171 776 3266 ἦν,
802 3177 892 3247 οὕτω
918 3176 959 3265 δὴ
986 3177 1195 3266 ἐγγράψαντα

243 3279 301 3344 καὶ
327 3278 644 3364 κατασημηνάμενον
670 3278 708 3346 τδ
734 3279 942 3367 γραμμάτιον
965 3280 1093 3366 πέμψαι
1110 3278 1223 3368 παράιι
1267 3330 1269 3358 ,

243 3375 304 3443 τόν
334 3375 587 3464 Ἀπολλόδωρον
620 3381 655 3445 ἐκ
688 3383 892 3466 Βαβυλῶνος
926 3385 974 3458 είς
1005 3377 1194 3467 Ἐκβάτανα,
1268 3381 1270 3390 ’

211 3477 411 3560 3δηλοῦντα
435 3478 540 3564 μηδέν
565 3503 597 3544 τι
627 3481 771 3546 δεδιέναι
790 3477 1031 3566 Ἡφαιστίωνα·
1067 3485 1195 3548 ἔσεσθαι
