2650 3948
222 263 247 330 ς
575 258 827 322 mamma*

225 403 355 493 φάλαγξ
369 407 579 494 προσμίξασα
592 401 633 473 ού
649 408 801 492 χαλεπῶς
810 403 949 486 ἐξέωσεν
959 405 994 473 ἐκ
1003 407 1060 492 τῆς
1073 427 1184 492 χωρας

225 503 429 595 ἀνθρώπους
454 503 574 588 ψιλούς
595 506 652 574 καλ
674 511 784 586 κακῶς
807 503 1036 593 ὡπλισμένους
1053 503 1183 592 βαρβά-

226 633 320 696 ρους,
339 605 424 676 ῶστε
434 601 653 694 Ἀλεξάνδρου
665 603 731 677 άπό
748 609 808 676 τού
824 602 1002 694 εὐωνύμου
1018 604 1184 691 ἐπάγοντα

226 705 340 778 ούκέτι
349 708 514 794 ἐδέξαντο,
522 706 608 776 άλλά
617 710 774 798 ῥίψαντες
784 704 829 788 ῶς
839 706 986 788 ἑκάστοις
996 704 1186 797 προύχῶρει

226 807 267 878 τά
286 808 374 878 ὅπλα
391 807 475 878 κατά
492 814 553 879 τού
570 807 671 897 ὄρους
688 815 827 896 ἔφυγον.
858 808 915 878 καλ
931 804 1104 877 άπέθανον
1121 806 1185 895 μὲν
1213 829 1228 870 ε

226 904 342 979 αύτῶν
361 912 393 990 ές
406 917 532 998 χιλίους
545 910 601 979 καλ
615 917 864 997 πεντακοσίους,
878 913 996 994 ζῶντες
1009 909 1047 978 δέ
1064 905 1185 997 ἄνδρες

226 1010 289 1100 μὲν
312 1008 420 1098 ὀλίγοι
443 1010 640 1100 ἐλήφθησαν
662 1008 708 1080 δι’
736 1010 888 1100 ῶκύτητα
913 1011 970 1080 καὶ
994 1011 1053 1098 τῆς
1075 1009 1185 1098 χώρας

228 1116 411 1201 ἐμπειρίαν,
423 1128 582 1200 γυναῖκες
597 1112 635 1182 δὲ
648 1109 723 1181 ὅσαι
740 1115 935 1194 ξυνείποντο
948 1107 1062 1192 αύτοίς
1080 1110 1185 1180 ἑάλω-

227 1237 292 1284 σαν
309 1219 432 1301 πάσαι,
455 1214 568 1283 καὶτὰ
587 1213 745 1301 παιδάρια
767 1211 864 1303 καὶὴ
888 1220 962 1282 λεία
979 1219 1071 1283 πάσα
1089 1211 1184 1282 ἑάλω.

184 1325 208 1392 2
301 1312 515 1405 Ἀλέξανδρος
540 1312 657 1401 δὲτὴν
674 1314 736 1402 μέν
753 1321 847 1384 λείαν
864 1311 971 1385 ὀπίσω
989 1311 1186 1402 ἀπέπεμψεν
1200 1336 1229 1378 ω

229 1419 262 1494 ές
278 1414 337 1498 τάς
350 1417 461 1498 πόλεις
473 1413 533 1497 τάς
553 1415 608 1486 ἐπὶ
623 1414 800 1505 θαλάσσῃ,
815 1423 971 1507 Λυσανίᾳ
983 1416 1040 1485 καί
1054 1415 1185 1504 Φιλῶτρ

228 1517 402 1607 παραδούς
411 1524 638 1587 διατίθεσθαι·
654 1515 756 1597 αύτὸς
765 1517 804 1586 δὲ
815 1515 853 1586 τὸ
867 1517 971 1606 άκρον
983 1511 1186 1605 ὑπερβολῶν

227 1619 348 1710 προῄει
365 1617 421 1688 διά
438 1627 500 1688 τοῦ
514 1629 627 1706 Αίμον
642 1620 676 1698 ές
694 1617 910 1708 Τριβαλλούς,
926 1619 984 1687 καὶ
1001 1615 1187 1706 άφικνείται

230 1719 363 1790 ἐπὶτῶν
380 1722 531 1806 Λύγινον
548 1719 711 1808 ποταμόν·
736 1717 850 1808 άπέχει
870 1719 908 1789 δέ
925 1713 1023 1799 ούτος
1040 1717 1106 1788 άπό
1124 1721 1186 1786 τοῦ

218 1820 353 1908 Ἴστρου
384 1813 429 1901 ῶς
460 1821 515 1891 έπλ
543 1819 604 1890 τὸν
627 1818 738 1910 Αἷμον
770 1820 857 1890 ίόντι
885 1817 1058 1910 σταθμούς
1086 1833 1185 1908 τρεῖς.
1199 1845 1226 1885 ιι

195 1938 211 1988 2
230 1919 367 2009 Σύρμος
390 1921 428 1990 δὲ
450 1915 468 1992 ὁ
491 1924 561 1992 τῶν
588 1927 782 2010 Τριβαλλῶν
803 1921 976 2009 βασιλεύς,
1001 1924 1037 1991 ἐκ
1060 1925 1186 1990 πολλοῦ

229 2021 488 2111 πυνθανόμενος
500 2030 563 2092 τοῦ
574 2020 797 2107 Ἀλεξάνδρου
810 2022 871 2092 τὸν
880 2022 1010 2110 στόλον,
1024 2037 1187 2110 γυναῖκας

229 2123 292 2212 μὲν
309 2124 366 2192 καλ
379 2129 502 2204 παιδας
518 2129 587 2193 τῶν
606 2129 802 2212 Τριβαλλῶν
819 2122 1040 2214 προύπεμψεν
1057 2123 1112 2193 έπὶ
1127 2120 1187 2191 τόν

220 2224 372 2312 Ἵστρον,
396 2229 580 2313 διαβαίνειν
600 2224 760 2305 κελεύσας
782 2224 843 2294 τὸν
866 2224 1015 2313 ποταμῶν
1033 2227 1067 2306 ές
1082 2223 1188 2312 νῆσόν

196 2341 215 2392 ο
229 2354 303 2396 τινα
319 2329 388 2394 τῶν
406 2328 443 2395 ἐν
459 2331 506 2418 τῷ
517 2324 654 2418 Ἴστρω·
673 2325 790 2414 Πεύκη
807 2325 913 2414 ὄνομα
925 2333 967 2417 τῇ
980 2325 1072 2420 νήσῳ
1087 2329 1185 2395 ἐστίν.
1198 2349 1224 2392 ιο

233 2431 266 2507 ές
282 2425 407 2514 ταύτην
425 2427 464 2496 δὲ
481 2425 543 2514 τὴν
559 2432 665 2514 νῆσον
680 2427 738 2496 καλ
753 2432 789 2498 οἱ
807 2433 935 2517 Θρᾷκες
952 2433 988 2497 οί
1002 2427 1189 2517 πρόσχωροι

230 2542 300 2607 τοῖς
334 2535 530 2616 Τριβαλλοῖς
559 2529 785 2618 προσάγοντος
812 2525 1031 2615 Ἀλεξάνδρου
1058 2550 1187 2617 συμπε·

232 2627 395 2716 φευγότες
413 2621 501 2714 ἦσαν
517 2630 574 2697 καί
598 2627 699 2710 αὐτὸς
716 2627 735 2699 ὁ
754 2629 893 2720 Σύρμος
912 2633 944 2710 ἐς
960 2629 1087 2717 ταύτην
1103 2632 1187 2717 ξυμ-

232 2728 392 2817 πεφεύγει
414 2728 478 2812 ξύν
502 2743 572 2810 τοῖς
595 2727 680 2819 ἄμφ’
699 2724 819 2800 αὐτόν·
844 2728 882 2799 τδ
901 2729 939 2799 δέ
955 2729 1042 2800 πολύ
1060 2736 1188 2816 πλῆθος

232 2835 301 2899 τῶν
331 2835 526 2918 Τριβαλλῶν
557 2836 684 2918 έφυγεν
715 2829 824 2902 ὀπίσω
857 2831 913 2900 έπλ
941 2830 1002 2901 τὸν
1027 2830 1187 2919 ποταμόν,
1200 2855 1224 2897 ιι

234 2937 400 3020 ἔνθενπερ
417 2937 459 3022 τῇ
476 2939 657 3023 προτεραίᾳ
675 2929 815 3020 ῶρμήθη
836 2928 1059 3022 Ἀλέξανδρος.

199 3047 218 3097 ε
305 3030 362 3113 Ὡς
380 3031 418 3100 δέ
435 3039 561 3120 ἔμαθεν
574 3029 687 3102 αὐτῶν
704 3033 767 3120 τὴν
780 3027 900 3122 ὁρμήν,
918 3034 974 3103 καὶ
988 3031 1089 3114 αύτὸς
1102 3031 1189 3102 ύπο-

235 3135 379 3222 στρέψας
402 3131 439 3201 τὰ
463 3139 603 3221 ἔμπαλιν
627 3134 681 3202 ἐπὶ
702 3133 782 3215 τούς
805 3133 1010 3223 Τριβαλλούς
1032 3127 1110 3222 ἦγε,
1135 3133 1188 3202 καλ

124 3232 126 3236 ’
235 3233 479 3322 καταλαμβάνει
490 3233 897 3324 καταστρατοπεδεύοντας
910 3234 984 3324 ἤδη.
1014 3237 1071 3304 καλ
1084 3239 1120 3305 οί
1128 3235 1190 3323 μὲν

236 3335 506 3423 καταληφθέντες
523 3334 605 3423 πρὸς
622 3339 670 3428 τῶ
687 3335 786 3405 νάπει
796 3341 844 3430 τῶ
857 3335 948 3424 παρά
964 3335 1025 3406 τδν
1042 3335 1189 3424 ποταμὸν
1201 3363 1226 3405 ω

236 3435 499 3523 παρετάσσοντο·
510 3433 726 3524 Ἀλέξανδρος
740 3437 778 3505 δὲ
790 3437 847 3506 καλ
860 3435 963 3518 αύτός
975 3437 1037 3525 τὴν
1049 3437 1111 3526 μὲν
1124 3436 1189 3525 φά-

236 3545 344 3626 λαγγα
362 3540 395 3618 ές
412 3537 519 3626 βάθος
538 3535 671 3618 ἐκτάξας
690 3539 809 3626 ἐπῆγε,
832 3533 913 3620 τούς
930 3538 1063 3622 τοξότας
1081 3538 1120 3608 δὲ
1135 3537 1190 3607 καὶ
