2664 3946
486 233 668 286 Ααεεεειε
685 237 714 297 ε,
733 237 773 286 ιο.
1047 227 1109 299 145

148 372 202 440 τιά
217 371 274 439 καλ
290 371 425 459 ἡγεμών
439 373 480 460 τῇ
495 375 644 460 στρατιᾷ,
661 375 888 460 ξυλλήψονται
902 376 1037 456 Βῆσσον
1052 379 1109 438 καί

149 475 411 558 παραδώσουσιν
435 473 657 562 Ἀλεξάνδρῳ·
694 473 766 541 ἐπεί
794 473 851 540 καὶ
881 479 948 540 νῦν
975 471 1109 560 άδέσμμ

150 580 286 662 φυλακή
312 577 549 662 φυλάσσεσθαι
571 574 656 657 πρὸς
683 573 797 642 αύτοῑν
817 578 962 659 Βῆσσον.
1005 577 1109 639 ταῦτα
1126 584 1146 635 τ’

150 673 194 754 οἱς
213 675 361 760 ἤκουσεν
380 674 610 758 Ἀλέξανδρος,
637 672 737 752 αύτδς
757 676 820 759 μὲν
843 673 1029 741 ἀναπαύων
1049 663 1110 759 ήγε

126 775 213 862 ιτήν
235 776 394 862 στρατιάν
416 780 634 861 σχολαίτερον
654 773 678 860 ή
699 778 868 860 πρόσθεν·
898 778 1110 861 Πτολεμαίου

150 879 187 946 δὲ
207 877 267 945 τὸν
281 876 400 962 Λάχου
421 876 618 944 ἀποστέλλει
638 884 707 943 τῶν
721 901 757 944 τε
772 878 914 962 ἑταίραν
931 879 1111 960 ἱππαρχίας

139 965 238 1063 ’τρεῖς
266 976 390 1076 ᾅχοντα
419 977 476 1044 καὶ
504 976 581 1054 τούς
614 977 877 1056 ἱππακοντιστάς
908 979 1109 1063 ξύμπαντας,

150 1085 258 1161 πεζῶν
272 1080 310 1147 δὲ
329 1084 393 1164 τήν
414 1103 451 1146 τε
466 1079 601 1147 Φιλάτα
622 1081 716 1158 τάξιν
731 1078 788 1146 καλ
807 1080 875 1146 τοῖν
889 1079 1111 1146 ὑπασπιστῶν

150 1183 337 1268 χιλιαρχίαν
356 1183 438 1266 μίαν
452 1181 509 1248 καί
530 1180 610 1261 τούς
621 1179 797 1267 Ἀγριάνας
816 1184 945 1258 πάντας
964 1181 1020 1247 καλ
1041 1185 1111 1246 τοῖν

114 1309 138 1348 ιο
151 1284 296 1363 τοξοτῶν
323 1280 402 1359 τούς
426 1279 581 1368 ἡμίσεας,
612 1285 745 1369 σπουδῇ
772 1283 929 1350 ἐλαύνειν
950 1284 1112 1358 κελεύσας

151 1381 195 1460 οἱς
210 1385 427 1468 Σπιταμένην
443 1407 478 1449 τε
499 1384 556 1450 καλ
571 1387 807 1470 Δαταφέρνην.
831 1385 889 1450 καὶ
902 1387 1111 1467 Πτολεμαῖος

149 1484 204 1572 ᾔει
226 1481 270 1562 οὕς
292 1486 463 1567 ἐτέτακτο,
486 1486 542 1550 καλ
563 1486 713 1552 διελθοδν
736 1487 775 1553 έν
796 1484 933 1572 ἡμέραις
953 1487 1111 1568 τέσσαρσι

152 1583 322 1670 σταθμούς
343 1586 424 1652 δέκα
444 1583 634 1670 άφικνετται
656 1587 692 1664 ές
711 1585 749 1653 τδ
766 1586 994 1673 στρατόπεδον
1009 1575 1050 1652 οὗ
1069 1590 1111 1671 τῇ

150 1691 331 1774 προτεραίᾳ
350 1684 547 1771 ηὐλισμένοι
567 1681 656 1772 ήσαν
670 1689 707 1753 οί
718 1685 801 1772 άμφλ
818 1686 880 1754 τὸν
895 1690 1111 1771 Σπιταμένην

119 1813 145 1853 ιι
156 1789 341 1874 βάρβαροι.

233 1887 399 1956 Ἐνταῦθα
427 1894 532 1974 ἔμαθε
553 1897 761 1976 Πτολεμαῖος
783 1889 834 1956 ὅτι
855 1887 897 1956 ού
924 1893 1044 1975 βεβαία
1063 1892 1169 1977 τῷδδ

34 2006 35 2010 ’
152 1993 357 2076 Σπιταμένει
378 1993 435 2057 καλ
449 1994 655 2079 Δαταφέρνη
678 1989 696 2077 ἡ
718 1991 834 2078 χνοίμη
854 1993 947 2058 ἐστίν
967 1990 1053 2078 άμφί
1071 1995 1113 2078 τῇ

152 2095 339 2176 παραδόσει
353 2098 414 2157 τοῦ
429 2093 577 2177 Βήσσου.
602 2092 682 2170 τούς
701 2094 763 2177 μὲν
779 2089 819 2177 δή
843 2092 961 2174 πεζούς
980 2094 1112 2160 κατέλι-

153 2217 205 2278 πε,
228 2196 417 2278 προστάξας
438 2195 580 2261 ἕπεσθαι
603 2193 640 2262 έν
655 2194 756 2280 τάξει,
779 2191 881 2272 αὐτὸς
901 2194 939 2262 δὲ
961 2193 1022 2273 ξύν
1043 2205 1113 2270 τοῖς

112 2317 139 2357 ιο
153 2295 313 2360 ἱππεῦσιν
337 2295 457 2372 ἐλάσας
485 2293 626 2380 άφίκετο
649 2293 733 2376 πρὸς
758 2295 876 2382 κείμην
903 2295 995 2377 τινά,
1023 2277 1113 2362 ἵνά

151 2399 284 2479 Βῆσσος
309 2387 354 2480 ήν
377 2395 439 2475 ξύν
461 2392 586 2481 ὀλίγοις
611 2397 837 2481 στρατιώταις.
883 2397 918 2463 οί
935 2394 1000 2480 γάρ
1025 2393 1145 2481 άμφλι

151 2495 213 2562 τὸν
228 2497 445 2582 Σπιταμένην
460 2501 778 2584 μετακεχωρήκεσαν
794 2499 860 2584 ήδη
884 2495 1028 2580 ἐκεῖθεν,
1051 2521 1110 2562 κα-

152 2597 386 2676 ταιδεσθέντες
407 2596 503 2664 αύτολ
524 2602 737 2684 παραδοῦναι
758 2596 818 2665 τδν
839 2602 984 2683 Βῆσσον.
1018 2604 1111 2664 Πτο-

152 2703 287 2783 λεμαῖος
313 2698 352 2766 δὲ
380 2700 582 2784 περιστήσας
609 2702 648 2766 έν
676 2701 789 2787 κύκλῳ
815 2703 875 2784 τῆς
901 2700 1013 2784 κοίμης
1033 2698 1113 2776 τούς

111 2821 139 2861 ιι
154 2801 272 2878 ίππέας
300 2790 363 2886 (ἦν
385 2802 451 2884 γάρ
478 2825 510 2867 τι
533 2801 589 2867 καλ
616 2812 721 2885 τεῖχος
748 2801 1034 2887 περιβεβλημένον
1055 2801 1112 2865 καὶ

151 2902 257 2966 πύλαι
280 2901 356 2967 κατ’
378 2900 479 2989 αύτύ)
505 2899 768 2989 ἐπεκηρυκεύετο
794 2914 865 2979 τοῖς
891 2900 928 2968 έν
953 2902 994 2988 τῇ
1016 2902 1112 2988 κύμη

151 3005 339 3088 βαρβάροις
350 3001 492 3080 άπαθεῖς
506 3009 595 3088 σφᾶς
608 3003 884 3071 ἀπαλλάσσεσθαι
899 3004 1113 3084 παραδόντας

151 3107 300 3186 Βῆσσον.
351 3103 389 3168 οί
411 3105 449 3170 δὲ
475 3103 628 3188 ἐδέχοντο
655 3102 733 3181 τούς
760 3102 822 3183 ξύν
851 3107 1050 3190 Πτολεμαίῳ
1079 3101 1112 3181 ές

152 3201 216 3287 τήν
230 3204 357 3289 κείμην.
381 3206 438 3269 καλ
448 3210 655 3291 Πτολεμαῖος
669 3203 846 3290 ξυλλαβών
856 3209 993 3288 Βῆσσον
1005 3203 1110 3272 ὀπίσω
1128 3224 1152 3274 ε

111 3325 139 3364 ιο
155 3301 308 3390 ὲπανήει.
330 3307 529 3392 προπέμψας
543 3307 581 3373 δὲ
595 3305 693 3390 ᾔρετο
707 3305 925 3388 Ἀλέξανδρον
940 3304 1029 3384 ὅπως
1048 3305 1111 3392 χρὴ

154 3401 188 3482 ἐς
208 3403 289 3486 ὄψιν
310 3403 406 3490 ἄνειν
417 3405 640 3491 Ἀλεξάνδρου
655 3411 799 3491 Βῆσσον.
829 3409 885 3474 καί
897 3405 1112 3492 Ἀλέξανδρος

152 3505 283 3589 γυμνὸν
316 3505 353 3576 ἐν
385 3511 487 3574 κλοιολ
516 3509 666 3591 δήσαντα
696 3507 802 3586 οὕτως
832 3508 929 3594 άγειν
956 3507 1110 3575 ἐκέλευσε

203 3626 330 3668 Annum
927 3625 958 3672 10
