2664 3946
1325 339 1330 384 ι’

217 253 277 316 112
565 248 815 306 ΔΛΕΞΑΝΔΡΟΤ

213 395 252 463 τὸ
268 397 337 463 πάν
350 396 538 482 μεμνῆσθαι
550 392 815 478 ξυγκινδυνεῦόν
829 415 865 459 τε
878 388 1097 484 ἀμελουμένῳ
1114 391 1171 462 καί

215 495 261 567 δι’
283 498 469 582 ἐπιμελείας
489 495 726 585 ἐκπονουμένῳ
745 492 1027 580 ξυνορθούμενον.

166 611 208 678 10
297 601 411 666 Ταῦτα
423 599 481 664 καλ
497 600 635 664 τοιαῦτα
652 593 738 663 ἀλλα
751 593 792 663 ού
811 594 918 664 πολλὰ
937 594 1172 682 παρακαλέσας

214 724 251 766 τε
267 699 325 767 καὶ
342 697 645 785 ἀντιπαρακληθεὶς
659 696 744 784 πρὸς
755 699 825 764 τῶν
842 693 1016 784 ἡγεμόνων
1027 707 1172 783 θαρρεῖν

217 800 273 869 ἐπὶ
304 807 417 887 σφίσι,
446 804 737 868 δειπνοποιεῖσθαί
770 824 806 867 τε
842 798 900 865 καὶ
937 796 1197 866 ἀναπαύεσθαιε

217 903 370 972 ἐκέλευσε
385 899 446 968 τόν
468 899 620 986 στρατόν.
662 906 866 987 Παρμενίων
884 897 923 966 δέ
947 895 1173 984 λέγουσινὸτι

216 999 420 1089 ἀφικόμενος
434 998 509 1089 παρ’
521 998 628 1068 αύτὸν
644 1002 699 1069 ἐπὶ
712 1000 774 1088 τήν
788 998 926 1087 σκηνήν,
935 999 1070 1087 νύκτωρ
1084 1024 1172 1086 παρ·

216 1104 292 1192 η’νει
311 1104 488 1172 ἐπιθέσθαι
506 1116 577 1182 τοῖς
592 1103 753 1190 Πέρσαις·
778 1099 1041 1188 ἀπροσδοκήτοις
1058 1127 1093 1169 τε
1107 1100 1173 1188 γάρ

216 1206 274 1272 καὶ
297 1203 617 1292 ἀνατεταραγμένοις
639 1205 697 1272 καὶ
721 1200 788 1290 ἅμα
807 1206 844 1272 ἐν
862 1205 963 1271 νυκτὶ
981 1203 1172 1290 φοβερωτέ-

182 1323 287 1392 1ροις
302 1303 530 1392 ἀποθήσεσθαι.
569 1303 645 1373 όδέ
663 1308 782 1395 ἐκείνῳ
799 1302 862 1391 μέν
879 1301 1106 1391 ἀποκρίνεται,
1123 1300 1173 1371 ὅτι
1186 1331 1211 1372 ιο
1328 1319 1330 1346 f

217 1409 275 1475 καὶ
284 1404 380 1476 ἀλλοι
387 1406 576 1492 κατήκουον
584 1407 653 1474 τῶν
666 1405 791 1491 λόγων,
805 1404 946 1494 αἰσχρὸν
959 1404 1046 1475 εἶναι
1053 1406 1174 1484 κλέψαι

217 1509 279 1596 τήν
295 1516 408 1596 νίκην,
425 1505 511 1575 ἀλλά
526 1510 682 1594 φανερῶς
697 1508 755 1575 καὶ
769 1505 851 1576 ἀνευ
865 1513 1072 1593 σοφίσματος
1089 1509 1173 1593 χρῆ-

217 1637 275 1679 ναι
290 1613 422 1696 νικήσαι
434 1605 665 1696 Ἀλέξανδρον
694 1610 752 1676 καὶ
769 1606 808 1677 τό
822 1608 1052 1696 μεγαλήγορον
1066 1605 1173 1676 αύτού

218 1713 321 1780 τοῦτο
339 1708 402 1796 ούχ
419 1707 612 1797 ύπέρογκον
630 1710 761 1796 μᾶλλόν
777 1736 808 1776 τι
824 1705 846 1796 ἢ
863 1707 1029 1795 εύθαρσές
1049 1711 1086 1803 ἐν
1102 1723 1174 1788 τοῖς

219 1811 389 1890 κινδύνοις
414 1813 587 1896 ἐφαίνετο·
615 1815 728 1880 δοκεῖν
746 1809 779 1878 δ’
806 1817 928 1897 ἐμονγε,
951 1813 1008 1879 καὶ
1026 1812 1173 1900 λογισμῷ
1187 1835 1213 1878 ιε
1327 1813 1330 1868 ι’

186 1931 203 1982 8
221 1913 353 2002 ἀκριβεῖ
369 1911 529 1999 ἐχρήσατο
547 1915 585 1982 ἐν
606 1915 654 2002 τῷ
672 1913 803 2002 τοιῷδε·
837 1913 874 1981 ἐν
897 1914 997 1981 νυκτὶ
1020 1911 1085 2000 γάρ
1103 1925 1174 1990 τοῖς

220 2042 256 2083 τε
278 2013 504 2101 ἀποχρώντως
532 2014 589 2081 καὶ
618 2028 690 2093 τοῖς
722 2016 845 2092 ἐνδεῶς
869 2013 953 2099 πρὸς
983 2012 1043 2092 τάς
1066 2011 1174 2099 μάχας

220 2116 543 2204 παρεσκευασμένοις
553 2113 660 2182 πολλὰ
675 2117 712 2182 ἐκ
724 2116 785 2183 τοῦ
796 2114 992 2202 παραλόγου
1002 2113 1175 2202 ξυμβάντα

219 2217 301 2296 τούς
318 2214 381 2303 μδν
399 2221 542 2303 ἐσφηλε,
565 2215 648 2294 τούς
665 2222 879 2304 κρείσσονας,
904 2231 977 2296 τοῖς
994 2223 1119 2304 χείροσι
1136 2213 1174 2283 δὲ

221 2317 312 2405 παρά
326 2316 367 2384 τά
379 2317 411 2397 ἐξ
425 2313 555 2404 ἀμφοῖν
571 2317 771 2386 ἐλπισθέντα
783 2315 845 2404 τήν
856 2323 956 2406 νίκην
969 2319 1172 2405 παρέδωκεν.
1186 2341 1213 2383 εο

220 2418 315 2509 αύτῷ
332 2444 368 2486 τε
384 2417 619 2487 κινδυνεύοντι
634 2417 673 2485 τὸ
691 2417 778 2486 πολύ
803 2421 840 2487 ἐν
856 2433 931 2499 ταῖς
947 2419 1067 2506 μα’χαις
1084 2437 1174 2503 σφα·

221 2521 302 2608 λερά
315 2516 336 2608 ή
349 2517 412 2601 νύξ
426 2525 657 2607 κατεφαίνετο,
674 2519 732 2586 καὶ
748 2517 816 2606 ἅμα
829 2517 1010 2608 ἡσσηθέντι
1025 2545 1061 2589 τε
1074 2509 1175 2598 αὖθις

223 2630 361 2714 Δαρείῳ
384 2619 446 2709 τήν
463 2619 674 2708 ξυγχώρησιν
690 2621 752 2688 τοῦ
777 2627 903 2709 χείρονι
920 2619 992 2688 όντι
1013 2619 1175 2708 χειρόνων

187 2737 205 2790 4
221 2721 378 2810 ἡγεῖσθαι
389 2720 411 2809 ἡ
424 2729 573 2810 λαθραία
584 2747 620 2789 τε
632 2721 690 2788 καὶ
702 2720 880 2810 νυκτερινὴ
895 2725 931 2791 ἐκ
945 2725 1042 2809 σφῶν
1057 2725 1174 2792 ἐπίθε-

223 2843 274 2904 σις
297 2823 480 2912 ἀφῃρεῖτο,
506 2831 542 2892 εί
559 2823 599 2890 τέ
618 2849 650 2890 τι
673 2824 710 2891 ἐκ
731 2825 793 2891 τοῦ
813 2822 1008 2911 παραλόγου
1026 2838 1213 2910 πταίσματι

223 2932 320 3013 σφίσι
337 2923 515 3012 ξυμπέσοι,
531 2938 603 3002 τοῖς
620 2922 683 3010 μὲν
700 2931 869 3010 πολεμίοις
886 2925 927 2992 τά
945 2924 1062 3016 κύκλῳ
1079 2931 1176 3011 φίλια

222 3027 280 3096 καὶ
298 3025 396 3095 αύτοὶ
413 3028 472 3112 τῆς
488 3023 600 3112 χεόρας
625 3031 790 3114 ἔμπειροι,
816 3041 913 3113 σφεῖς
930 3025 969 3095 δέ
986 3023 1115 3114 ἀπειροι
1139 3027 1176 3094 έν

223 3135 393 3214 πολεμίοις
409 3139 480 3206 τοῖς
498 3127 619 3214 πᾶσιν,
637 3115 687 3193 ἀν
704 3123 746 3195 ού
764 3126 865 3215 μικρὰ
882 3142 984 3215 μοῖρα
1001 3131 1038 3195 οί
1052 3125 1176 3214 αίχμά·

155 3267 157 3272 ·
222 3237 323 3298 λωτοι
339 3219 437 3316 ἦσαν,
459 3227 758 3315 ξυνεπιθησόμενοι
776 3231 813 3296 ἐν
828 3229 928 3296 νυκτὶ
945 3227 990 3316 μή
1007 3225 1058 3296 ὅτι
1075 3234 1177 3297 πταί-

223 3349 334 3417 σασιν,
347 3327 432 3398 ἀλλά
446 3330 504 3397 καλ
518 3336 550 3398 εί
562 3328 606 3415 μή
617 3328 707 3418 παρὰ
722 3327 808 3397 πολύ
818 3333 976 3409 νικῶντες
989 3336 1175 3416 φαίνοιντο.
1188 3355 1215 3396 ω
1325 3399 1327 3412 χ

222 3431 354 3502 τούτων
370 3433 491 3500 τετῶν
510 3432 679 3516 λογισμῶν
697 3431 794 3499 ἕνεκα
817 3433 941 3500 ἐπαινῶ
955 3429 1177 3519 Ἀλέξανδρον

222 3535 358 3604 καὶτοῦ
377 3534 412 3612 ές
428 3528 466 3600 τδ
485 3528 635 3621 φανερὸν
651 3529 844 3618 ύπερόγκου
863 3531 905 3602 ού
923 3546 1029 3619 μεῖονἱ
