2664 3946
496 243 682 298 ευοωιειε
699 249 727 304 ο,
745 248 786 297 ιε.
1061 240 1123 306 135

156 385 327 473 Ἀγριᾶσιν
343 383 684 470 ὀπισθοφυλακοῦσιν
700 385 862 454 ἐπέθεντο
878 384 914 450 οί
932 381 1037 469 ὄρειοι
1051 387 1121 449 τῶν

159 489 357 574 βαρβάρων,
373 488 430 552 καί
444 498 539 573 μεῖον
555 490 687 572 ἔχοντες
701 491 747 572 τῷ
762 485 998 572 ἀκροβολισμῷ
1013 482 1121 569 άπηλ-

160 591 322 674 λάγησαν.

234 689 338 775 ’Ἀρας
359 691 397 756 δὲ
420 691 584 756 ἐντεῦθεν
598 689 719 776 προῄει
736 687 780 767 ὡς
803 687 860 773 ἐφ’
879 687 1053 773 Ὑρκανίας
1075 687 1159 764 είςο

135 823 148 864 ⁶
162 793 397 876 Ζαδράκαρτα,
413 791 514 858 πόλιν
525 789 719 876 Ὑρκανίων.
747 793 804 857 καί
820 789 981 876 ἐντούτῳ
996 789 1032 854 οί
1044 789 1122 872 περὶ

160 893 337 977 Κράτερον
369 893 548 979 ξυνέμιξαν
581 889 689 980 αύτῷ,
723 903 793 970 τοῖς
820 891 883 976 μέν
917 892 1025 969 ξένοις
1053 899 1123 966 τοῖς

160 997 311 1078 Δαρείου
344 991 408 1059 οὐκ
437 993 707 1079 ἐντετυχηκότες,
740 991 802 1078 τὴν
830 993 944 1077 χώραν
972 992 1010 1058 δὲ
1038 989 1122 1075 ὅσην

161 1096 464 1181 διαπεπορευμένοι
485 1087 573 1179 ἦσαν
600 1091 661 1179 τὴν
688 1094 751 1179 μὲν
777 1098 852 1180 βίᾳ,
879 1090 942 1177 τὴν
969 1091 1006 1159 δὲ
1030 1092 1122 1159 ένδι-

162 1196 293 1262 δόντων
322 1201 392 1262 τοῖν
421 1195 674 1262 κατοικούντων
700 1194 1017 1281 προσπεποιημένοι.
1064 1193 1122 1260 έν-

125 1331 149 1370 10
162 1301 273 1364 ταύθα
295 1299 352 1363 καλ
371 1297 536 1380 Ἐρίγυιος
556 1289 617 1383 ἧκε
639 1295 701 1376 ξύν
721 1308 790 1374 τοῖς
817 1295 1040 1380 σκευοφόροις
1066 1293 1122 1360 καί

162 1409 234 1476 ταῖς
248 1397 396 1483 ἁμάξαις.
433 1397 550 1482 ὀλίγον
565 1399 603 1466 δὲ
617 1396 762 1482 ὕστερον
774 1396 968 1482 Ἀρτάβαζος
982 1393 1121 1479 άφίκετο
1139 1415 1156 1466 7

162 1499 243 1583 παρ’
257 1500 476 1584 Ἀλέξανδρον
491 1501 631 1566 καὶτῶν
645 1501 779 1564 παίδων
799 1497 906 1564 αύτού
920 1496 1052 1582 Κωφὴν
1066 1495 1123 1562 καὶ

160 1600 415 1685 Ἀριοβαρζάνης
441 1603 498 1666 καὶ
523 1599 686 1686 Ἀρσάμης
712 1600 768 1666 καὶ
794 1597 857 1678 ξύν
879 1598 1010 1676 τούτοις
1031 1595 1122 1682 παρὰ

164 1707 233 1768 τῶν
256 1701 360 1779 ξένων
375 1704 444 1766 τῶν
467 1699 530 1779 ξύν
544 1705 680 1787 Δαρείφ
695 1701 852 1786 πρέσβεις
867 1702 923 1765 καὶ
938 1697 1121 1784 Αὐτοφρα-

127 1835 151 1874 15
165 1803 266 1888 δάτης
293 1799 312 1869 ὁ
343 1802 531 1885 Ταπούρων
559 1802 740 1886 σατράπης.
783 1801 1033 1887 Αὐτοφραδάτῃ
1060 1800 1123 1886 μὲν

164 1905 205 1989 δη
233 1902 294 1989 τὴν
322 1907 530 1989 σατραπείαν
557 1901 745 1969 άπέδωκεν·
779 1900 979 1987 Ἀρτάβαζον
1008 1900 1123 1967 δὲκαὶ

164 2003 244 2082 τούς
271 2005 393 2081 παῖδας
420 2002 486 2090 ἅμα
514 1997 550 2070 οἷ
577 2005 616 2070 ἑν
641 2008 720 2090 τιμῇ
745 1996 822 2089 ἦγε,
850 2005 891 2070 τά
917 2027 954 2070 τε
976 2003 1061 2068 ἄλλα
1084 2003 1123 2068 έν

163 2118 233 2184 τοῖς
266 2107 412 2192 πράτοις
437 2109 583 2191 Περσων
611 2105 711 2184 ὄντας
744 2104 886 2191 καὶτῆς
914 2107 949 2183 ές
974 2111 1124 2188 Δαρεῖον

165 2211 307 2286 πίστεως
328 2207 438 2274 ἕνεκα.
472 2217 542 2284 τοῖς
555 2205 715 2293 πρέσβεσι
730 2208 768 2273 δὲ
782 2212 851 2272 τῶν
860 2205 1030 2292 Ἑλλήνων
1045 2207 1123 2270 δεο-
1139 2221 1158 2274 ⁸

128 2340 152 2380 οι
167 2307 279 2392 μένοις
301 2311 508 2374 σπείσασθαί
521 2323 638 2392 σφισιν
653 2307 740 2392 ὑπὲρ
761 2313 822 2374 τού
844 2306 969 2384 παντὸς
990 2307 1124 2385 ξενικοῦ

166 2407 369 2490 ἀπεκρίνατο
392 2407 575 2494 ὁμολογίαν
596 2409 659 2494 μὲν
673 2409 737 2475 ούκ
754 2404 797 2474 άν
811 2410 1018 2495 ποιήσασθαι
1040 2404 1124 2493 πρός

167 2507 291 2586 αύτούς
313 2508 489 2592 οὐδεμίαν·
523 2510 653 2576 άδικεῑν
675 2509 739 2595 γάρ
768 2511 894 2594 μεγάλα
916 2509 995 2587 τούς
1021 2527 1122 2594 στρα·

166 2612 368 2696 πενομένους
385 2613 522 2678 έναντία
536 2617 576 2697 τῇ
593 2610 726 2677 Ἐλλάδι
741 2609 831 2695 παρὰ
850 2623 919 2688 τοῖς
940 2611 1125 2696 βαρβάροις
1163 2669 1164 2674 ,

166 2711 258 2795 παρά
284 2711 324 2777 τά
352 2711 500 2798 δόγματα
528 2711 569 2777 τά
595 2718 665 2778 τῶν
687 2712 870 2797 Ἑλλήνων·
908 2711 1064 2779 έκέλευσε
1086 2711 1124 2777 δέ

129 2813 263 2899 ιιῆκειν
297 2813 490 2892 ξύμπαντας
521 2815 577 2878 καὶ
616 2813 840 2898 παραδιδόναι
877 2819 966 2899 σφᾶς
1002 2812 1126 2891 αὐτούς
1179 2851 1181 2854 -

169 2914 409 2997 ἐπιτρέποντας
421 2913 626 3000 Ἀλεξάνδρῳ
648 2919 795 3001 χρῆσθαι
810 2914 829 2981 ό
842 2939 874 2981 τι
889 2917 945 2981 καί
967 2915 1124 2999 βούλοιτο

166 3015 189 3101 ἢ
212 3017 378 3098 σοόζεσδαι
400 3011 464 3101 ὅπη
480 3015 651 3082 δύναιντο.
686 3017 722 3082 οί
734 3017 772 3084 δὲ
788 3017 977 3101 ἐπιτρέπειν
992 3020 1124 3102 ἔφασαν
1140 3031 1159 3084 0

170 3124 259 3204 σφᾶς
280 3142 316 3184 τε
331 3116 455 3196 αύτούς
475 3119 532 3184 καλ
553 3115 631 3196 τούς
652 3115 776 3195 ἄλλους
794 3116 1014 3205 Ἀλεξάνδρῳ·
1045 3119 1124 3203 ξυμ·

169 3220 311 3304 πέμπειν
326 3244 363 3286 τε
378 3220 536 3286 ἐκέλευον
551 3219 612 3286 τόν
626 3218 837 3305 ἡγησόμενον
852 3218 982 3304 αὐτοῖς,
1006 3217 1050 3298 ός
1063 3217 1126 3286 άσ-

132 3349 157 3390 ιο
171 3325 286 3404 φαλοῖς
300 3323 553 3407 διακομισθεῖεν
567 3319 648 3404 παρ’
664 3318 785 3387 αὐτόν·
815 3317 902 3387 εἶναι
917 3322 954 3388 δὲ
970 3321 1125 3405 ἐλέγοντο

171 3424 205 3499 ές
219 3425 347 3506 χιλίους
361 3425 418 3489 καί
433 3427 685 3499 πεντακοσίους.
710 3424 766 3488 καί
778 3420 991 3502 Ἀλέξανδρος
1005 3423 1124 3508 πέμπει

169 3523 388 3608 Ἀνδρόνικον
394 3523 621 3608 τὸνἈγέρρου
628 3524 684 3589 καί
692 3522 890 3608 Ἀρτάβαζον
896 3521 977 3605 παρ’
990 3520 1122 3600 αὐτούς.
