2650 3948
215 191 258 256 24
567 189 820 246 Αιαωεααεοτ

183 339 306 422 σέργα.
346 329 435 414 ὅστις
458 327 498 400 δέ
521 327 570 399 ἀν
587 331 692 400 ταῦτα
709 324 798 419 ύπὲρ
825 331 970 419 ἐμαυτοῦ
987 328 1173 419 γιγνύσκω,

214 435 251 505 τό
275 433 338 522 μὲν
363 431 470 520 ὄνομα
493 426 596 502 ούδέν
620 432 736 520 δέομαι
759 429 968 522 ἀναγράψαι,
1000 429 1083 502 ούδέ
1109 430 1174 520 γάρ

215 530 298 606 ούδέ
316 533 490 620 ἄγνωστον
507 536 541 614 ἐς
564 530 768 622 ἀνθρώπους
787 536 896 619 ἐστίν,
923 531 1005 603 ούδδ
1028 538 1174 622 πατρίδα

213 635 284 725 ἥτις
307 643 366 724 μοί
389 637 478 705 ἐστιν
492 628 577 704 ὀύδί
593 635 691 722 γένος
708 633 746 703 τό
766 634 865 723 ἐμόν,
890 632 973 704 ούδέ
991 641 1023 705 εί
1038 633 1082 722 δή
1098 663 1174 704 τινα

215 735 321 826 ἀρχὴν
340 739 377 806 ἐν
400 741 442 826 τῇ
467 739 612 824 ἐμαυτοῦ
635 728 735 826 ἦρξα·
762 733 833 804 ἀλλ’
849 739 957 806 ἐκεῖνο
975 734 1173 826 ἀναγράφω,
1199 764 1214 805 τ

215 837 265 909 ὅτι
283 837 356 928 ἐμοὶ
373 844 493 928 πατρίς
510 864 545 906 τε
562 838 619 906 καί
635 839 731 924 γένος
749 837 805 906 καὶ
823 835 923 927 ἀρχαί
940 841 1012 908 οἵδε
1031 843 1066 908 oc
1081 837 1175 922 λόγοι

216 946 284 1010 είσί
304 966 341 1010 τε
364 940 422 1008 καὶ
445 935 511 1008 ἀπό
537 939 618 1008 νέον
642 945 690 1008 ἔτι
715 937 882 1025 ἐγίνοντο.
923 940 980 1008 καὶ
1004 937 1060 1010 ἐπὶ
1083 944 1174 1032 τῷδε

215 1036 279 1111 ούκ
302 1035 430 1122 ἀπαξιῶ
448 1038 593 1129 ἐμαυτόν
609 1046 679 1109 τῶν
696 1039 839 1128 πρύτων
855 1045 924 1110 τῶν
948 1043 985 1110 ἐν
1008 1047 1050 1130 τῇ
1073 1044 1173 1129 φωνῇ

215 1147 257 1233 τῇ
277 1135 425 1229 Ἑλλάδι,
450 1152 544 1231 είπερ
570 1135 635 1211 ούν
653 1142 710 1210 καί
731 1139 945 1231 Ἀλέξανδρος
962 1147 1031 1212 τῶν
1050 1145 1086 1211 ἐν
1103 1156 1173 1221 τοῖς

216 1242 341 1324 ὅπλοις.
1188 1270 1211 1310 ιο

182 1360 199 1410 σ
288 1342 338 1426 Ἐξ
353 1343 453 1416 Ἰλίου
471 1345 509 1414 δέ
525 1347 558 1425 ἐς
572 1341 730 1434 Ἀρίσβην
747 1337 839 1432 ἧκεν,
857 1335 898 1414 ού
915 1350 1006 1414 πάσα
1023 1337 1044 1432 ἡ
1063 1343 1172 1413 δύνα-

214 1475 270 1536 μις
288 1444 380 1540 αύτῳ
399 1452 618 1534 διαβεβηκυῖα
635 1443 696 1515 τόν
710 1443 954 1533 Ἑλλήσποντον
973 1448 1171 1535 ἐστρατοπε-

216 1547 339 1636 δεύκει,
357 1549 414 1616 καὶ
430 1553 472 1638 τῇ
496 1541 658 1638 ύστεραίηι
686 1549 719 1628 ἐς
745 1546 944 1634 Περκώτην·
971 1553 1012 1637 τῇ
1031 1547 1069 1616 δὲ
1087 1545 1172 1636 άλλη

215 1649 405 1738 Λάμψακον
430 1655 642 1738 παραμείψας
668 1647 753 1738 πρὸς
778 1654 825 1740 τῳ
852 1656 1010 1741 Πρακτίῳ
1035 1652 1173 1740 ποταμῳ

216 1751 527 1839 ἐστρατοπέδευσεν,
550 1747 587 1830 ὃς
606 1751 693 1840 ῥέων
711 1753 746 1820 ἐκ
763 1752 831 1818 τῶν
848 1747 941 1839 ὀρῶν
954 1756 1026 1818 ’τῶν
1040 1747 1173 1822 Ἰδαίων
1187 1775 1213 1818 ιε

216 1854 345 1922 ἐκδιδοῖ
366 1854 399 1932 ἐς
421 1851 598 1921 θάλασσαν
621 1851 684 1939 τὴν
701 1841 824 1940 μεταξύ
851 1857 912 1920 τοῦ
927 1845 1173 1938 Ἑλλησπόντου

215 1980 252 2024 τε
269 1953 403 2022 καὶτοῦ
421 1951 587 2035 Εὐξείνου
606 1953 741 2022 πόντου.
778 1958 881 2022 ἐνθεν
898 1952 936 2022 δὲ
955 1955 987 2034 ἐς
1002 1952 1174 2042 Ἕρμωτον

216 2049 371 2143 ἀφίκετο,
403 2052 564 2134 Κολωνάς
595 2053 691 2123 πόλιν
721 2060 943 2144 παραμείψας.
986 2055 1104 2124 σκοποί
1135 2053 1174 2122 δὲ

183 2171 199 2224 λ
216 2151 309 2248 αύτῷ
328 2155 514 2243 ἐπέμποντο
528 2153 592 2245 πρὸ
611 2159 672 2224 τού
691 2155 952 2245 στρατεύματος*
970 2154 1174 2224 καὶτούτων

214 2250 351 2344 ἡγεμύν
375 2248 420 2344 ἦν
445 2254 608 2344 ’Λμύντας
635 2254 653 2326 ὁ
682 2251 900 2344 Ἀρραβαίου,
932 2263 1018 2345 ἔχων
1043 2262 1112 2326 τῶν
1138 2282 1214 2326 τετυ

218 2359 358 2447 ἑταίρων
381 2355 446 2445 την
470 2366 546 2446 ἴλην
568 2356 631 2445 τὴν
656 2359 689 2439 ἐξ
710 2355 952 2445 Ἀπολλωνίας,
979 2350 1018 2446 ἧς
1038 2359 1174 2447 ίλάρχης

215 2449 260 2546 ἦν
278 2457 460 2549 Σωκράτης
478 2453 495 2530 ὁ
522 2457 708 2546 Σάθωνος,
733 2460 790 2528 καί
807 2465 875 2528 τῶν
893 2458 1093 2548 προδρόμων
1110 2486 1174 2528 κα·

218 2559 392 2647 λουμένων
423 2568 496 2641 ίλας
525 2561 696 2650 τέσσαρας.
743 2560 826 2630 κατά
858 2561 897 2630 δέ
931 2559 993 2648 τὴν
1022 2559 1175 2648 πάροδον

218 2667 376 2748 Πρίαπον
400 2659 498 2731 πόλιν
523 2664 723 2732 ἐνδοθεῖσαν
748 2661 832 2751 πρὸς
858 2667 927 2732 τῶν
954 2660 1175 2731 ἐνοικούντων

217 2759 297 2842 τούς
314 2763 614 2851 παραληψομένους
641 2761 812 2833 ἀπέστειλε
834 2761 900 2832 σύν
918 2762 1108 2856 Πανηγόρῳ
1127 2768 1174 2855 τῷ
1188 2791 1214 2831 τε

219 2861 440 2952 Λυκαγόρου,
460 2865 510 2934 ἐνί
527 2870 595 2932 τῶν
613 2865 764 2951 ἑταίρων.

185 2978 203 3032 8
297 2969 442 3053 Περσων
466 2964 505 3034 δὲ
522 2966 700 3054 στρατηγοί
722 2959 811 3054 ἦσαν
830 2963 995 3056 Ἀρσάμης
1012 2965 1068 3034 καί
1087 2959 1176 3036 Ῥεο-

219 3072 345 3156 μίθρης
369 3065 426 3133 καὶ
449 3073 593 3154 Πετίνης
619 3067 677 3135 καί
702 3066 855 3156 Νιφάτης
878 3068 934 3136 καί
958 3065 1021 3150 ξύν
1047 3067 1177 3147 τούτοις

216 3165 452 3256 ’Σπαδριδάτης
481 3159 499 3236 ό
530 3172 660 3248 Λυδίας
690 3168 747 3236 καὶ
765 3165 894 3248 Ἰωνίας
920 3167 1089 3258 σατράπης
1119 3167 1177 3236 καί

215 3264 366 3356 Ἀρσίτης
384 3264 402 3336 ὁ
419 3271 479 3355 τῆς
497 3267 581 3356 πρός
595 3267 827 3360 Ἑλλησπόντῳ
847 3275 998 3359 Φρυγίας
1015 3267 1175 3359 ύπαρχος.
1190 3300 1216 3343 τε

219 3361 312 3438 οὗτοι
335 3368 373 3438 δέ
397 3369 481 3459 πρὸς
508 3377 626 3461 Ζελείᾳ
657 3369 751 3440 πόλει
779 3371 1177 3460 κατεστρατοπεδευκότες

219 3463 307 3560 ἦσαν
324 3468 387 3554 ξύν
405 3475 445 3563 τῇ
464 3475 555 3566 ἵππῳ
573 3498 609 3542 τε
626 3477 667 3562 τῇ
684 3477 873 3563 βαρβαρικῇ
891 3473 947 3540 καὶ
964 3487 1034 3554 τοῖς
1043 3471 1180 3560 Ἕλλησι
