2678 3950
222 257 281 322 196
575 257 823 316 ΔΛΕΞΑΝΔΡΟΤ

219 445 299 497 τους
324 443 358 486 τε
385 418 440 486 καὶ
467 414 535 504 άμα
563 414 809 494 εὐοπλοτάτους
841 413 897 482 καὶ
930 415 998 482 τῶν
1032 415 1174 498 ἑταίρων

223 519 352 587 ἱππέων
385 521 417 598 ές
447 523 638 597 διακοσίους
661 519 717 586 καὶ
744 514 961 594 ἱπποτοξότας
988 516 1021 594 ἐς
1055 512 1174 582 ἑκατὸν

192 695 193 698 ¹
220 623 368 705 προσῆγε
383 623 425 708 τῇ
440 619 555 706 πέτρα.
600 617 655 686 καὶ
672 617 779 705 ταύτη
803 615 865 704 μὲν
888 621 931 703 τῇ
952 614 1059 704 ἡμέρᾳ
1075 641 1171 682 κατε-

221 718 525 807 στρατοπεδεύσατο
544 723 600 788 ἵνα
619 717 804 805 ἐπιτήδειον
821 714 914 808 αύτῷ
934 719 1103 804 ἐφαίνετο·
1129 718 1172 804 τῇ

221 819 258 888 δέ
276 816 438 910 ὑστεραίᾳ
460 818 576 905 ὀλίγον
593 817 772 906 προελθών
798 815 843 897 ῶς
866 816 950 905 πρός
967 817 1030 902 τὴν
1048 817 1201 904 πέτρανσ

221 913 322 1000 αὖθις
349 919 681 1008 ἐστρατοπεδεύσατο.

180 1023 221 1088 29
298 1022 364 1090 Καὶ
386 1022 548 1114 ἐντούτῳ
566 1011 649 1108 ἧκον
663 1018 742 1106 παρ’
760 1017 868 1089 αύτόν
881 1023 950 1088 τῶν
968 1016 1173 1106 προσχώρων

203 1134 321 1208 «τινές,
352 1126 440 1210 σφᾶς
467 1149 503 1192 τε
528 1120 653 1202 αὐτοὺς
687 1121 874 1201 ἐνδιδόντες
899 1122 956 1189 καί
989 1117 1175 1207 ἡγήσεσθαι

221 1222 403 1311 φάσκοντες
426 1227 459 1303 ἐς
477 1226 534 1311 τῆς
551 1224 674 1310 πέτρας
691 1222 728 1290 τὸ
748 1219 1010 1309 ἐπιμαχώτατον,
1034 1217 1115 1289 ὅθεν
1132 1216 1172 1287 ού

220 1323 367 1411 χαλεπὸν
392 1321 486 1415 αύτῷ
514 1330 647 1392 ἔσεσθαι
672 1325 760 1392 ἑλεῖν
778 1323 816 1390 τό
843 1329 977 1410 χωρίου.
1029 1321 1085 1389 καὶ
1111 1319 1173 1400 ξύν
1188 1352 1214 1392 ιο
1323 1333 1324 1396 λ

219 1424 351 1505 τούτοις
376 1425 496 1511 πέμπει
519 1431 729 1510 Πτολεμαῖον
754 1423 814 1491 τὸν
831 1423 948 1509 Λάγου
973 1423 1034 1491 τόν
1061 1443 1174 1507 σῶμα·
1323 1423 1324 1434 ’

219 1525 404 1612 τοφύλακα,
422 1523 502 1604 τούς
519 1523 736 1611 τεἉγριάνας
753 1523 878 1610 ἄγοντα
891 1523 1040 1603 καὶτοὺς
1055 1521 1174 1603 ψιλούς

219 1627 299 1706 τούς
317 1625 439 1704 ἄλλους
457 1624 512 1692 καὶ
529 1630 598 1694 τῶν
611 1621 831 1694 ὑπασπιστῶν
846 1626 1049 1711 ε’πιλέκιους,
1068 1643 1174 1710 προσ-

220 1727 333 1815 τάξας,
360 1724 494 1794 ἐπειδάν
519 1725 691 1814 καταλάβῃ
715 1725 753 1794 τό
778 1733 915 1814 χωρίον,
941 1723 1174 1812 κατέχεινμέν

221 1824 303 1895 αότό
333 1829 455 1916 ἰσχυρᾷ
483 1830 636 1916 φυλακῇ,
664 1821 699 1896 οἷ
722 1825 760 1896 δέ
787 1833 960 1914 σημαίνειν
984 1824 1034 1894 ὅτι
1058 1831 1172 1911 ἔχεται.
1188 1854 1213 1894 ιι

187 1941 202 1989 2
220 1929 277 1995 καὶ
295 1935 503 2014 Πτολεμαῖος
532 1926 642 1997 ἐλθῶν
669 1921 751 1995 ὁδόν
776 1927 933 2016 τραχεῖάν
959 1954 994 1995 τε
1010 1927 1066 1994 καὶ
1087 1925 1172 1994 δύσ-

221 2052 326 2113 πορον
363 2028 525 2097 λανθάνει
566 2025 644 2108 τούς
678 2029 870 2116 βαρβάρους
902 2028 1077 2114 κατασχῶν
1114 2027 1173 2096 τόν

219 2128 338 2197 τόπον·
384 2131 441 2196 καί
467 2130 589 2197 τοῦτον
620 2129 740 2216 χάρακι
772 2132 809 2198 ἐν
834 2129 947 2222 κύκλῳ
972 2131 1029 2198 καὶ
1055 2127 1173 2222 τάφρφ

220 2227 395 2317 ὀχυράσας
413 2228 546 2317 πυρσόν
564 2239 649 2316 αίρει
666 2228 732 2298 άπό
751 2232 811 2298 τού
826 2228 928 2319 ὅρους
948 2235 1046 2300 ἔνθεν
1060 2225 1172 2320 όφθη-

221 2340 340 2399 σεσδαι
356 2327 419 2399 ὑπ’
436 2329 658 2418 Ἀλεξάνδρου
678 2338 800 2418 ἔμελλε.
851 2333 908 2399 καὶ
927 2328 1026 2419 ῶφθη
1045 2358 1080 2400 τε
1106 2329 1172 2420 ἅμα
1186 2361 1213 2400 νο

220 2430 241 2519 ἡ
267 2429 352 2519 φλόξ
385 2433 440 2500 καὶ
462 2431 679 2520 Ἀλέξανδρος
714 2434 814 2518 ἐπῆγε
846 2433 887 2520 τῇ
918 2430 1081 2523 ὑστεραίᾳ
1112 2435 1174 2519 τὴν

222 2533 392 2620 στρατιάν·
432 2532 655 2620 άμυνομέντον
688 2531 726 2602 δὲ
759 2537 827 2600 τῶν
858 2533 1040 2621 βαρβάρων
1070 2533 1174 2603 οὐδὲν

221 2635 324 2701 πλέον
346 2631 437 2724 αὐτῷ
454 2631 521 2702 ύπό
540 2638 729 2721 δυσχωρίας
757 2637 916 2721 ἐγίγνετο.
959 2631 1002 2713 ῶς
1025 2633 1064 2703 δὲ
1080 2633 1171 2705 Ἀλε-

221 2733 353 2826 ξάνδρφ
379 2729 507 2822 άπορον
533 2733 594 2820 τὴν
619 2735 810 2822 προσβολὴν
826 2737 1017 2822 κατέμαθον
1039 2740 1074 2804 οί
1088 2736 1173 2824 βάρ-
1323 2811 1324 2820 ¹

186 2841 327 2920 εβαροι,
354 2832 622 2919 ἀναστρέψαντες
645 2849 715 2914 τοῖς
740 2834 825 2922 ἀμφὶ
844 2844 1053 2923 Πτολεμαῖον
1077 2835 1172 2905 αὐτοὶ
1186 2863 1213 2903 τε
1323 2871 1324 2898 ι

220 2936 463 3020 προσέβαλλον·
491 2935 547 3002 καὶ
562 2943 691 3020 γίνεται
709 2931 823 3003 αὐτῶν
840 2963 876 3006 τε
893 2939 950 3004 καὶ
968 2943 1036 3004 τῶν
1054 2945 1172 3006 Μακε-
1323 2937 1324 2954 ’

221 3033 331 3103 δόνοιν
347 3035 435 3122 μάχη
448 3034 604 3122 καρτερά,
620 3038 690 3103 τῶν
707 3035 769 3122 μὲν
782 3037 962 3106 διασπάσαι
974 3035 1034 3105 τόν
1043 3038 1173 3126 χάρακα

221 3131 372 3222 σπουδὴν
398 3137 619 3223 ποιουμένων,
653 3138 721 3204 τῶν
742 3135 872 3225 Ἰνδῶν,
898 3147 1109 3225 Πτολεμαίου
1136 3137 1173 3206 δέ

221 3235 420 3325 διαφυλάξαι
436 3235 473 3304 τό
488 3241 626 3324 χωρίον·
644 3237 700 3305 καὶ
713 3251 808 3323 μείου
821 3238 955 3324 σχόντες
970 3243 1005 3307 οί
1011 3239 1175 3328 βάρβαροι

222 3341 258 3407 ἐν
270 3343 319 3429 τῶ
328 3335 557 3428 ἀκροβολισμῷ
567 3337 688 3417 νυκτός
700 3340 933 3426 ἐπιγενομένης
943 3335 1172 3426 άπεχῶρησαν.
1187 3365 1214 3407 ιο
1323 3313 1324 3358 ³

186 3455 202 3500 4
291 3437 507 3526 Ἀλέξανδρος
525 3437 563 3508 δέ
580 3442 648 3506 τῶν
662 3437 778 3508 Ἰνδῶν
791 3466 864 3506 τινα
882 3444 950 3506 τῶν
964 3439 1173 3528 αὐτομόλων,

220 3539 337 3606 πιστόν
354 3567 389 3607 τε
406 3537 514 3619 άλλως
532 3541 674 3608 καὶτῶν
691 3547 825 3628 χορίων
848 3539 1000 3629 δαήμονα
1024 3541 1175 3622 ἐπιλεξά-
