2678 3950
231 247 294 312 236
584 244 836 304 ιαεειααεου

232 407 288 476 καὶ
299 469 302 473 .
315 405 502 493 δεχομένοις
520 411 640 491 φιλίως
655 403 891 491 Ἀλεξάνδρου
924 402 1006 474 οῦδὲ
1023 403 1089 493 γάρ
1108 401 1191 473 οῦδὲ

233 507 344 587 ἀλλοις
380 507 445 576 τισὶ
471 507 632 592 γενέσθαι
656 511 726 574 τών
753 504 951 593 αὐτονόμων
974 503 1091 575 Ἰνδῶν
1118 505 1191 575 ὅσοι

199 608 366 688 ιέιιόντες
392 610 481 695 σφάς
508 607 677 676 ἐνέδοσαν.
718 611 755 676 οί
778 606 815 676 δέ
833 604 911 694 (ἤδη
929 605 995 695 γάρ
1015 607 1190 694 ἐξήγγελτο

233 708 349 789 αῦτοίς
375 708 458 777 κατά
474 709 596 794 κράτος
615 705 784 776 ἑαλωκότα
811 707 895 796 πρὸς
909 705 1133 790 Ἀλεξάνδρου
1150 706 1191 776 τά

234 808 412 899 Σάγγαλα)
434 809 574 897 φοβεροὶ
599 808 773 896 γενόμενοι
800 815 945 897 ἔφευγον
971 807 1191 889 ἀπολιπόντες
1216 839 1231 878 5

232 913 292 992 τοὶς
310 911 430 990 πόλεις.
458 909 754 998 καὶἈλεξανδρος,
773 909 886 998 ἐπειδὴ
900 911 1083 998 ἐξηγγέλθη
1097 910 1190 1001 αὐτῷ

232 1011 254 1101 ἡ
285 1011 397 1101 φυγή,
433 1016 566 1100 σπουδῇ
592 1013 744 1080 ἐδίωκεν·
794 1010 880 1080 ἀλλά
912 1017 948 1081 οί
976 1011 1095 1080 πολλοὶ
1128 1013 1191 1100 μὲν

233 1111 348 1183 αῦτῦν
376 1119 531 1200 ἔφθασαν
557 1109 805 1200 ἀποφυγόντες,
839 1111 894 1180 διά
919 1117 1052 1200 μακροῦ
1078 1113 1144 1202 γάρ
1169 1112 1190 1200 ἡ

234 1215 346 1294 δίωξις
386 1216 529 1300 ἐγίνετο·
581 1209 653 1282 ὅσοι
690 1212 728 1282 δέ
759 1215 841 1282 κατά
882 1214 945 1300 την
977 1213 1192 1302 ἀποχώρησιν

232 1315 393 1406 ἀσθενείᾳ
413 1308 647 1400 ῦπελείποντο,
675 1305 767 1382 οῦτοι
784 1315 1090 1403 ἐγκαταληφθέντες
1108 1316 1192 1403 πρὸς
1206 1345 1231 1382 ιο

231 1419 290 1504 της
324 1420 478 1505 στρατιάς
511 1415 685 1484 ἀπέθανον
713 1419 746 1494 ἐς
772 1424 1013 1496 πεντακοσίους
1039 1417 1189 1504 μάλιστα.

198 1540 214 1590 8
233 1517 277 1598 ώς
296 1517 333 1586 δέ
351 1516 488 1602 ἀπέγνω
506 1516 639 1585 διώκειν
664 1522 725 1584 τοῦ
752 1517 868 1604 πρόσω
894 1516 974 1596 τοῦς
992 1515 1192 1607 φεύγοντας,

234 1617 432 1688 ἐπανελθών
451 1620 483 1697 ἐς
496 1615 537 1685 τά
553 1617 716 1703 Σάγγαλα
728 1617 790 1704 τὴν
804 1619 902 1686 πόλιν
916 1617 979 1705 μὲν
992 1619 1192 1707 κατέσκαψε,

231 1719 294 1808 τὴν
319 1719 434 1806 χώραν
460 1717 499 1786 δέ
524 1715 725 1786 τώνἸνδών
750 1733 821 1798 τοῖς
846 1719 949 1787 πάλαι
966 1719 1029 1806 μέν
1047 1719 1191 1806 αὐτονό-

233 1847 324 1910 μοις,
357 1819 433 1888 τότε
459 1817 497 1887 δέ
525 1821 687 1898 ἑκουσίως
713 1821 969 1908 προσχωρήσασι
994 1823 1191 1908 προσέθηκε.
1206 1845 1231 1886 ιε

234 1922 291 1990 καὶ
318 1923 442 2008 Πῶρον
473 1919 535 2007 μὲν
567 1918 629 2000 ξῦν
661 1924 705 2009 τῇ
737 1921 880 2008 δυνάμει
905 1924 947 2010 τῇ
975 1918 1059 2008 ἀμφ’
1088 1921 1193 1990 αῦτδν

237 2023 395 2110 ἐκπέμπει
409 2022 464 2090 ἐπὶ
477 2021 536 2100 τάς
555 2021 665 2101 πόλεις
684 2029 723 2090 αδ
733 2023 1063 2110 προσκεχωρήκεσαν,
1082 2051 1193 2111 φρον-

236 2123 296 2209 ράς
314 2121 488 2202 εἰσάξοντα
506 2129 555 2201 είς
568 2118 689 2202 αῦτάς·
722 2121 825 2202 αῦτδς
844 2123 881 2191 δέ
907 2121 971 2204 ξῦν
995 2127 1037 2212 τη
1057 2127 1192 2213 στρατιᾷ

236 2225 291 2294 ἐπὶ
316 2220 530 2312 τὸν”Τφασιν
556 2221 707 2312 ποταμόν
733 2223 933 2312 προύχώρει,
961 2222 1005 2304 ώς
1032 2225 1088 2292 καί
1113 2225 1193 2304 τοῦς

235 2323 288 2396 ἐπ’
319 2328 431 2394 ἐκεῖνα
454 2322 582 2404 Ἰνδοῦς
615 2327 886 2411 καταστρέψαιτο.
929 2323 1011 2394 οῦδὲ
1038 2329 1233 2412 ἐφαίνετοεο

233 2421 327 2517 αῦτχῦ
363 2427 467 2514 πέρας
499 2451 531 2494 τι
563 2427 625 2494 τοῦ
652 2426 800 2513 πολέμου
833 2432 907 2495 ἐστε
935 2423 1134 2496 ὑπελείπετό
1162 2455 1194 2495 τι

233 2527 401 2614 πολέμιον.

182 2647 225 2712 25
315 2629 363 2698 Τά
390 2627 429 2696 δέ
455 2627 496 2715 δὴ
524 2629 631 2716 πέραν
656 2629 716 2697 τοῦ
731 2625 886 2714 Ὑφάσιος
904 2633 1054 2718 ποταμοῦ
1074 2629 1193 2698 εὐδαί-

233 2729 321 2817 μονά
345 2756 381 2798 τε
405 2729 468 2816 τὴν
494 2728 608 2816 χώραν
635 2726 720 2796 εἶναι
747 2731 960 2818 ἐξηγγέλλετο
978 2733 1034 2799 καὶ
1053 2730 1193 2819 ἀνθρώ·

233 2855 319 2909 πους
346 2828 498 2916 ἀγαθοὺς
524 2829 587 2918 μὲν
612 2833 676 2915 γῆς
703 2829 857 2916 ἐργάτας,
882 2840 1062 2917 γενναίους
1089 2831 1127 2900 δὲ
1150 2832 1231 2903 τάιε

234 2933 373 3020 πολέμια
399 2933 457 2999 καὶ
484 2937 532 3010 είς
557 2930 598 2998 τά
627 2935 695 2998 ίδια
722 2929 760 2998 δέ
787 2934 883 3018 σφών
911 2934 947 2999 ἐν
964 2933 1078 3026 κόσμφ
1097 2942 1193 3001 πολι-

233 3031 408 3112 τεῦοντας·
454 3030 539 3118 πρὸς
564 3029 630 3119 γάρ
655 3035 725 3098 τών
751 3029 898 3118 ἀρίστων
924 3031 1083 3121 άρχεσδαι
1114 3033 1195 3114 τοῦς

235 3133 399 3218 πολλοῦς,
432 3131 512 3211 τοῦς
545 3131 583 3200 δέ
615 3129 718 3200 οῦδὲν
752 3135 813 3214 ἔξω
844 3139 907 3202 τοῦ
942 3137 1107 3214 ἐπιεικοῦς
1141 3138 1194 3217 ἐξ·

234 3243 398 3322 ηγείσδαι.
443 3231 574 3320 πλῆθός
599 3259 635 3302 τε
663 3233 854 3320 ἐλεφάντων
881 3231 967 3303 εἶναι
990 3251 1061 3315 τοίς
1087 3236 1193 3325 ταῦτη

234 3333 428 3420 ἀνθρώποις
454 3333 540 3402 πολῦ
566 3360 597 3402 τι
622 3332 710 3423 ῦπὲρ
735 3335 816 3414 τοῦς
843 3332 966 3416 ἀλλους
984 3333 1113 3416 Ἰνδοδς
1139 3340 1235 3408 καίεο

201 3466 216 3514 2
234 3436 369 3524 μεγέθει
385 3441 564 3520 μεγίστους
590 3437 647 3504 καὶ
666 3434 814 3526 ἀνδρείᾳ.
849 3441 955 3505 ταῦτα
981 3437 1019 3506 δὲ
1039 3437 1192 3524 ἐξαγγελ-

234 3534 359 3623 λόμενα
386 3531 607 3626 Ἀλέξανδρον
632 3535 695 3627 μὲν
722 3536 920 3626 παρώξυνεν
948 3539 980 3617 ἐς
1013 3541 1196 3628 ἐπιθυμίαν
