2678 3950
236 226 301 292 204
587 228 835 286 ΔΛΕΞΑΝΔΡΟΤ

239 415 337 475 μενος
363 387 423 456 τόν
449 413 484 455 τε
510 384 610 454 άετόν
643 383 814 456 άπέκτεινε
838 389 895 456 καλ
921 386 981 455 τόν
1008 387 1195 474 Προμηθέα

205 499 221 545 3
239 491 307 556 τῦν
325 489 457 575 δεσμῶν
475 486 630 556 άπέλνσε.
672 489 732 556 τόν
751 487 788 556 δὲ
807 488 989 556 Καῦκασον
1006 487 1043 556 τό
1061 485 1138 576 όρος
1157 491 1194 557 ἐκ

238 591 298 658 τοῦ
318 588 452 660 Πόντου
481 592 513 668 ές
539 588 580 656 τά
607 589 691 676 πρὸς
718 591 762 658 ἕω
787 589 870 677 μέρη
896 591 954 675 τῆς
980 592 1041 675 γῆς
1058 591 1115 657 καλ
1132 587 1194 676 τὴν

241 693 537 777 Παραπαμισαδῶν
563 689 675 777 χάραν
700 687 744 769 άς
764 691 819 758 έπλ
832 688 959 770 Ἰνδοῦς
976 690 1129 777 μετάγειν
1145 693 1193 782 τῷ

239 791 334 882 λόγῳ
354 791 434 870 τοῦς
453 789 668 874 Μακεδόνας,
693 791 938 878 Παραπάμισον
961 789 1043 860 ὄντα
1059 790 1097 859 τό
1116 789 1194 878 ὄρος
1221 819 1236 859 ε
1321 787 1322 834 ³

240 891 365 971 αῦτοῦς
382 897 571 972 καλοῦντας
585 892 768 961 Καῦκασον
785 894 842 978 της
856 891 1077 980 Ἀλεξάνδρου
1097 895 1194 961 ἕνεκα

239 994 352 1081 δόξης,
379 992 424 1073 ὥς
448 991 538 1080 ῦπὲρ
564 992 624 1062 τόν
641 995 822 1063 Καῦκασον
848 991 914 1077 ἄρα
941 993 1087 1062 έλδόντα
1103 991 1194 1062 Ἀλέ-

206 1098 392 1178 4ξανδρον.
439 1100 476 1162 ἓν
501 1121 537 1162 τε
563 1093 652 1182 αῦτη
678 1099 719 1182 τῇ
741 1092 860 1162 Ἰνδῦν
885 1098 930 1182 γῇ
954 1097 1039 1182 βοῦς
1058 1094 1195 1173 ἰδόντας

244 1195 489 1282 ἐγκεκαυμένας
507 1193 657 1281 ῥόπαλον
674 1197 934 1282 τεκμηριοῦσθαι
961 1198 1017 1265 έπὶ
1043 1200 1128 1285 τῷδε
1145 1193 1196 1263 ότι

236 1295 399 1385 Ἡρακλῆς
426 1297 459 1376 ές
483 1291 611 1374 Ἰνδοῦς
637 1289 785 1382 άφίκετο.
838 1292 933 1383 ὅμοια
959 1296 998 1364 δὲ
1023 1299 1078 1364 καὶ
1106 1294 1194 1380 ὑπὲρ
1210 1323 1234 1364 ιο

240 1397 414 1468 Διονάσου
439 1399 497 1482 τῆς
524 1395 651 1483 πλάνης
677 1393 809 1464 άπιστεί
826 1393 1079 1484 Ἐρατοσθένης·
1121 1400 1194 1483 ἐμοὶ

239 1499 272 1568 δ’
302 1501 338 1567 έν
363 1498 454 1589 μέσῳ
479 1505 627 1566 κείσθων
653 1501 689 1565 οί
711 1491 799 1583 ὑπὲρ
825 1497 957 1566 τοῦτον
983 1497 1100 1584 λόγοι.Ι

206 1616 221 1666 5
310 1598 528 1684 Ἀλέξανδρος
563 1595 601 1666 δὲ
636 1593 681 1677 ῦς
719 1597 858 1684 άφίκετο
897 1600 951 1667 έαλ
990 1599 1048 1668 τόν
1083 1597 1194 1668 Ἰνδόν

238 1698 402 1786 ποταμόν,
429 1697 674 1787 καταλαμβάνει
699 1698 854 1788 γέφυράν
880 1724 916 1767 τε
941 1696 994 1768 έπ’
1023 1697 1115 1789 αῦτῷ
1134 1725 1194 1769 πε·

239 1802 420 1888 ποιημὲνην
439 1799 523 1884 πρὸς
538 1799 780 1886 Ἡφαιστίωνος
806 1800 863 1868 καλ
886 1807 986 1868 πλοῖα
1005 1801 1112 1869 πολλά
1124 1799 1192 1888 μὲν
1207 1827 1231 1868 ιι

239 1900 447 1988 σμικρότερα,
463 1901 528 1968 δάο
542 1905 562 1968 δ
565 1900 580 1969 ὲ
590 1901 863 1987 τριακοντόρους,
876 1902 933 1969 καλ
944 1900 1033 1989 παρά
1050 1902 1193 1981 Ταξίλου

238 2003 299 2069 τοῦ
323 1999 435 2070 Ἰνδοῦ
462 2005 554 2088 δῶρα
579 1996 703 2086 ἥκοντα
728 2000 896 2088 άργυρίου
914 2001 977 2088 μὲν
997 2001 1142 2071 τάλαντα
1161 2005 1194 2083 ές

239 2101 399 2191 διακόσια,
435 2105 537 2188 ίερεϊα
563 2101 600 2169 δὲ
625 2106 708 2189 βοῦς
733 2101 796 2188 μέν
821 2109 1013 2192 τρισχιλίας,
1044 2104 1194 2192 πρόβατα

205 2202 279 2273 οδέ
304 2201 391 2290 ῦπέρ
417 2203 533 2290 μόρια,
562 2202 744 2287 ἐλέφαντας
772 2202 809 2270 δὲ
835 2205 869 2283 ές
893 2203 1085 2291 τριάκοντα·
1137 2207 1194 2274 καὶ

240 2311 352 2384 ίππείς
385 2301 422 2372 δὲ
456 2303 642 2372 ἑπτακόσιοι
673 2302 765 2393 αὐτῷ
794 2301 912 2373 Ἰνδῶν
939 2306 971 2384 ές
1003 2305 1192 2392 ξυμμαχίαν
1205 2327 1231 2370 ιο

238 2405 328 2493 παρά
347 2405 491 2484 Ταξίλου
505 2395 603 2492 ἧκον·
625 2407 681 2474 καὶ
696 2404 793 2473 πόλιν
813 2403 946 2492 Τάξιλα,
959 2407 1022 2492 τὴν
1035 2413 1193 2495 μεγίστην

238 2506 359 2594 μεταξῦ
385 2504 495 2576 Ἰνδοῦ
522 2532 558 2574 τε
576 2511 728 2592 ποταμοῦ
753 2505 809 2573 καὶ
825 2503 1002 2596 Ὑδάσπου,
1030 2505 1080 2575 ὅτι
1098 2506 1193 2587 αῦτιό

244 2610 383 2694 Ταξίλης
404 2610 592 2678 ἐνδίδωσιν.
626 2609 776 2675 ἐνταῦθα
793 2606 871 2675 δάει
885 2605 1102 2695 Ἀλέξανδρος
1122 2622 1191 2688 τοῖς

237 2721 331 2788 θεοῖς
357 2707 446 2786 ὅσοις
473 2702 566 2799 αῦτςῦ
593 2707 696 2794 νόμος
714 2709 771 2774 καλ
789 2705 905 2792 άγῦνα
923 2723 1011 2776 ποιεί
1027 2708 1191 2797 γυμνικόν

237 2810 293 2876 καλ
322 2807 458 2877 ἱππικόν
486 2810 540 2876 ἐπὶ
573 2811 618 2900 τῷ
646 2811 797 2898 ποταμῷ·
842 2809 899 2875 καὶ
924 2818 1072 2894 γίγνεται
1098 2809 1231 2903 αῦτῷιτ

239 2913 293 2978 έπλ
320 2915 361 2998 τῇ
388 2909 535 2998 διαβάσει
561 2907 601 2976 τά
630 2909 711 2994 ίερά.

201 3009 222 3072 4
309 3004 346 3079 ‘0
364 3006 396 3079 δ’
421 3007 528 3083 Ἰνδός
546 3009 693 3096 ποταμὸς
712 3005 760 3076 ὅτι
777 3009 929 3096 με’γιστος
949 3017 1107 3098 ποταμοῖν
1127 3013 1193 3080 ἐστι

237 3115 306 3180 τῶν
332 3110 415 3180 κατά
443 3110 504 3195 τὴν
527 3107 642 3180 Ἀσίαν
668 3137 704 3178 τε
729 3112 785 3178 καὶ
811 3107 873 3196 την
893 3107 1076 3200 Εῦροόπην,
1107 3112 1194 3198 πλήν

239 3212 388 3299 Γάγγου,
420 3214 476 3280 καὶ
502 3211 626 3282 τοῦτου
650 3206 758 3280 Ἰνδοῦ
787 3217 950 3302 ποταμοῦ,
985 3215 1042 3281 καὶ
1076 3210 1127 3281 ὅτι
1159 3217 1197 3280 αί

239 3322 346 3402 πηγαί
369 3320 453 3382 εἰσιν
480 3308 574 3403 αὐτῷ
602 3315 657 3383 ε’πλ
683 3313 762 3381 τάδε
788 3315 847 3380 τοῦ
875 3312 977 3398 ὅρους
994 3316 1055 3382 τοῦ
1075 3324 1226 3402 Παρα--ιι

238 3422 387 3503 παμίσου
414 3409 435 3500 ἢ
461 3415 657 3498 Καυκάσου,
691 3415 747 3481 καὶ
779 3409 829 3482 ὅτι
856 3415 1032 3482 ἐκδίδωσιν
1059 3421 1107 3493 εἰς
1133 3416 1191 3499 τὴν

238 3515 386 3603 μεγάλην
412 3514 588 3583 θάλασσαν
614 3514 675 3601 τὴν
701 3512 783 3580 κατά
807 3511 936 3593 Ἰνδοῦς
955 3512 1000 3594 ὡς
1019 3515 1073 3582 ἐπὶ
1090 3513 1190 3582 νότον
