2664 3946
200 271 261 336 134
552 269 803 329 ΑΛΕΞΑΝΔΡΟΤ

198 423 305 479 κεῖται
320 411 358 479 δὲ
372 409 393 498 η
405 411 561 495 Ὑρκανία
575 413 670 496 χῶρα
687 413 725 477 έν
741 409 899 497 ἀριστερᾷ
919 414 978 496 τῆς
999 407 1083 476 ὀδοῦ
1098 413 1158 494 τῆς

199 514 254 580 ἐπὶ
269 516 405 596 Βάκτρα
420 513 603 598 φερούσης·
627 515 684 578 καί
697 519 739 598 τῇ
754 513 817 597 μὲν
834 511 949 598 ὄρεσιν
964 509 1157 594 ἀπείργεται

198 615 314 681 δασέσι
330 615 385 681 καί
400 612 553 700 ὑψηλοῖς,
570 612 606 680 τό
622 615 741 680 πεδίον
756 614 794 679 δὲ
809 612 911 698 αὐτῆς
925 612 1067 697 καθήκει
1083 614 1157 676 ἔστε

200 718 255 782 ε’πί
275 713 338 800 τήν
364 715 513 800 μεγάλην
535 713 597 799 την
624 715 729 800 ταύτῃ
750 715 940 780 θάλασσαν.
971 713 1098 797 ταύτην
1121 712 1158 777 δὲ

197 809 299 902 ἦγεν,
328 814 379 881 ὅτι
406 818 512 902 ταύτῃ
539 813 619 892 τούς
646 817 762 892 ξένους
788 812 868 892 τούς
895 813 982 898 ἀμφὶ
1009 819 1185 895 Δαρείους

199 918 461 1002 διαπεφευγέναι
484 917 519 993 ές
545 918 585 980 τά
614 921 684 981 τῶν
710 914 899 998 Ταπούρων
926 912 988 999 ὄρη
1011 913 1159 980 ἐπύθετο

165 1036 182 1084 κ
199 1019 256 1085 καί
266 1015 389 1094 αύτούς
399 1016 468 1100 ἅμα
480 1015 560 1094 τούς
578 1015 777 1098 Ταπούρους
788 1016 1040 1098 χειρωσόμενος.
1062 1019 1159 1098 τριχῆ

200 1121 238 1186 δὲ
253 1117 376 1185 διελῶν
391 1120 451 1183 τὸν
465 1115 611 1202 στρατόν
625 1115 727 1194 αὐτὸς
748 1117 811 1202 μὲν
832 1114 894 1200 τήν
910 1117 1160 1201 ἐπιτομωτάτην

200 1222 257 1287 καὶ
277 1220 513 1304 χαλεπωτάτην
527 1216 690 1303 ἡγήσατο,
713 1215 751 1282 τδ
773 1221 932 1284 πλεῖστον
953 1216 1010 1284 καί
1032 1215 1099 1302 ἅμα
1121 1215 1159 1281 τὸ

199 1322 412 1407 κουφότατον
432 1325 491 1405 τῆς
512 1321 688 1404 δυνάμεως
709 1317 819 1402 ἄγων·
842 1319 1018 1401 Κράτερον
1038 1319 1075 1385 δὲ
1096 1318 1158 1401 την
1172 1347 1197 1388 ιο

199 1447 236 1490 τε
258 1419 364 1488 αὐτοῦ
385 1416 481 1500 τάξιν
508 1423 629 1504 έχοντα
655 1418 712 1486 καὶ
733 1417 797 1504 την
821 1417 985 1502 Ἀμύντου
1008 1419 1063 1484 καί
1091 1423 1160 1484 τῶν

200 1525 345 1602 τοξοτῶν
368 1526 459 1589 ἔστιν
475 1516 534 1599 οὓς
549 1520 605 1587 καὶ
620 1519 757 1603 ὀλίγους
776 1525 846 1586 τῶν
869 1521 997 1586 ίππέων
1019 1520 1074 1586 ἐπὶ
1093 1524 1159 1585 Τα-

200 1625 339 1706 πούρων
368 1626 529 1689 ἔστειλεν·
561 1621 728 1708 Ἐρίγυιον
751 1621 788 1687 δέ
809 1621 889 1699 τούς
909 1645 946 1687 τε
967 1621 1083 1699 ξένους
1104 1620 1158 1686 καὶ

200 1723 262 1812 την
277 1723 399 1809 λοιπήν
418 1725 524 1790 ἵππον
545 1722 757 1806 ἀναλαβόντα
778 1721 840 1808 τὴν
855 1724 1031 1807 λεωφόρον
1045 1747 1081 1788 τε
1104 1724 1160 1787 καὶ

200 1825 411 1911 μακροτέραν
431 1823 587 1910 ἡγεῖσθαι
611 1825 780 1909 ἐκέλευσε,
809 1823 869 1901 τάς
892 1821 1016 1908 ἀμάξας
1037 1824 1094 1889 καὶ
1115 1822 1156 1888 τά
1171 1852 1196 1894 ιι

202 1927 397 2012 σκευοφόρα
419 1925 475 1992 καί
497 1923 558 1992 τόν
579 1925 685 1992 ἀλλον
708 1925 827 2010 ὅμιλον
848 1923 984 2008 ἀγοντα.

167 2047 185 2098 ³
281 2025 494 2113 Ἱπερβαλῶν
516 2028 554 2094 δέ
571 2025 612 2094 τά
631 2034 747 2112 πρῶτα
770 2027 831 2110 ὅρη
854 2027 911 2090 καί
932 2043 1159 2109 καταστρατο-

201 2128 366 2206 πεδεύσας
388 2127 494 2196 αύτοῦ
515 2127 694 2214 ἀναλαβῶν
715 2129 794 2205 τούς
814 2151 851 2194 τε
872 2124 1081 2202 ὑπασπιστάς
1103 2125 1160 2191 καί

201 2236 260 2316 τῆς
281 2233 521 2316 Μακεδονικῆς
547 2231 717 2315 φάλαγγος
740 2227 821 2307 τούς
848 2227 1077 2312 κουφοτάτους
1104 2227 1161 2292 καί

201 2335 270 2398 τῶν
284 2334 431 2412 τοξοτῶν
447 2336 538 2398 ἔστιν
553 2329 612 2408 ούς
626 2328 681 2414 ᾔει
696 2333 845 2415 χαλεπὴν
861 2327 943 2396 ὀδόν
958 2329 1014 2395 καί
1029 2328 1159 2394 δύσπο-
1172 2360 1199 2399 ιο

203 2457 282 2518 ρον,
310 2435 465 2519 φύλακας
486 2438 555 2499 τῶν
577 2431 668 2498 ὁδῶν
689 2429 883 2497 καταλιπῶν
906 2431 964 2496 ἵνα
986 2431 1160 2513 σφαλερόν

203 2560 235 2602 τι
249 2532 340 2622 αύτῷ
356 2536 529 2619 ἐφαίνετο,
553 2530 599 2610 ῶς
619 2530 664 2618 μὴ
684 2544 755 2609 τοῖς
769 2532 942 2616 ἑπομένοις
956 2530 1025 2597 κατ’
1049 2534 1159 2597 ε’κεῑυο

168 2655 186 2704 4
205 2638 378 2702 ἐπίθοιντο
400 2637 436 2701 οί
454 2635 495 2700 τά
517 2634 579 2718 ὅρη
602 2637 734 2717 ἔχοντες
747 2638 816 2697 τῶν
830 2633 1024 2718 βαρβάρων.
1059 2631 1161 2710 αύτὸς

204 2738 241 2802 δὲ
255 2735 337 2822 μετά
358 2741 428 2802 τῶν
442 2735 587 2814 τοξοτῶν
604 2732 753 2800 διελθῶν
768 2731 809 2797 τά
824 2735 924 2800 στενά
941 2736 980 2800 έυ
994 2740 1040 2820 τῷ
1055 2735 1159 2819 πεδίῳ

204 2836 550 2917 κατεστρατοπέδευσε
576 2835 660 2919 πρός
687 2837 824 2921 ποταμῷ
850 2831 893 2900 ού
914 2836 1058 2923 μεγάλῳ.
1103 2838 1159 2901 καί
1172 2864 1200 2906 ιε

206 2939 356 3005 ἐνταῦθα
372 2937 469 3014 ὄντος
487 2935 593 3002 αύτοῦ
608 2935 830 3020 Ναβαρζάνης
843 2959 879 3000 τε
901 2933 919 2999 ὁ
936 2939 1085 3020 Δαρείου
1107 2960 1161 3020 χι-

203 3039 341 3123 λιάρχης
363 3038 419 3103 καί
442 3036 685 3123 Φραταφέρνης
710 3035 918 3121 όῪρκανίας
938 3060 975 3102 τε
995 3037 1052 3102 καί
1066 3043 1161 3122 Παρ-

203 3143 338 3206 θυαίων
352 3141 522 3224 σατράπης
536 3141 592 3203 καί
608 3137 705 3204 ἄλλοι
719 3142 788 3203 τῶν
805 3135 890 3222 ἀμφὶ
905 3144 1054 3222 Δαρείου
1069 3145 1162 3222 Περ-

204 3245 276 3307 σῶν
297 3241 333 3308 οί
357 3240 614 3325 ἐπιφανέστατοι
636 3237 835 3324 ἀφικόμενοι
859 3233 1052 3322 παρέδοσαν
1074 3245 1162 3322 σφᾶς

172 3340 338 3420 όαύτούς.
370 3339 553 3428 ὑπομείνας
574 3341 612 3408 δὲ
636 3343 674 3406 έν
695 3345 742 3426 τῶ
764 3341 978 3427 στρατοπέδῳ
999 3341 1162 3426 τέσσαρας
1174 3369 1201 3410 ω

207 3443 328 3529 ἡμέρας
342 3441 483 3528 ἀνέλαβε
498 3442 578 3520 τούς
599 3440 869 3525 ὑπολειφθέντας
883 3440 967 3508 κατά
988 3439 1051 3527 την
1067 3440 1161 3525 ὁδόν,

203 3544 283 3624 τούς
316 3545 378 3629 μὲν
413 3544 537 3622 ἀλλους
573 3541 733 3627 ἀσφαλῶς
768 3543 983 3624 διελθόντας,
1019 3554 1089 3620 τοῖς
1124 3544 1162 3608 δὲ
