2590 3948
433 261 617 314 εειιεεειε
635 265 663 326 ι,
683 265 723 314 ει.
1000 259 1063 324 325

99 420 156 489 καὶ
174 425 222 511 τῷ
237 419 396 510 Σελεόκφ
409 419 471 506 τὴν
484 426 656 508 βασιλείαν
669 418 732 508 τὴν
745 419 903 508 μεγάλην.
932 421 1063 489 Σέλευ·

99 547 161 589 κου
188 521 253 609 γάρ
278 522 435 608 μέγιστον
462 525 531 588 τῶν
556 517 637 608 μετά
660 519 882 608 ἈλεῈανδρον
908 523 1062 602 διαδεξα-

99 623 212 709 μένων
237 621 298 708 τὴυ
323 621 430 710 ἀρχὴν
455 625 593 710 βασιλέα
616 623 776 708 γενέσθαι
792 622 855 708 τήν
871 647 907 692 τε
923 619 1063 710 γνιόμην

98 723 360 810 βασιλικώτατον
386 724 443 792 καλ
470 731 627 810 πλείστης
653 727 716 810 γῆς
744 721 883 812 ἐπάρξαι
915 723 998 810 μετά
1023 728 1062 810 γε

57 854 72 894 ε
100 821 203 892 αὐτόν
218 823 440 913 Ἀλέξανδρον
457 823 500 893 οό
516 851 571 911 μοι
595 830 689 892 δοκεῖ
707 825 792 892 ἰέναι
810 827 843 904 ἐς
861 820 1061 913 άμφίλογον.

172 923 390 994 Ἐπανελθὼν
429 925 467 993 δὲ
505 933 554 1005 είς
586 927 776 1013 Βαβυλῶνα
813 925 1061 1013 καταλαμβάνει
1071 920 1113 984 23

99 1028 297 1097 Πευκέσταν
328 1025 455 1113 ἥκοντα
491 1030 527 1095 ἐκ
562 1029 721 1114 Περσων,
752 1024 879 1112 ἄγοντα
906 1028 1063 1114 στρατιάν

98 1132 244 1215 Περσῶν
273 1129 307 1206 ές
333 1132 550 1216 δισμυρίους·
594 1119 656 1214 ἦγε
678 1127 717 1196 δέ
733 1129 790 1195 καλ
809 1135 988 1198 Κοσσαίων
1005 1130 1062 1197 καὶ

104 1228 294 1312 Ταπούρων
311 1226 374 1296 οόκ
392 1227 543 1316 ὀλίγους,
566 1225 617 1296 ὅτι
633 1229 690 1297 καλ
707 1233 814 1298 ταῦτα
831 1227 872 1297 τά
891 1235 975 1317 ἔθνη
992 1235 1062 1297 τῶν

58 1362 85 1402 ιο
99 1329 308 1418 προσχώρων
333 1333 376 1418 τῇ
396 1335 538 1418 Περσίδι
563 1329 779 1418 μαχιμώτατα
802 1328 887 1399 εἶναι
906 1332 1060 1418 ἐξηγγέλ-

99 1439 183 1498 λετο.
227 1422 288 1516 ἧκε
314 1429 352 1499 δδ
378 1429 473 1522 αότηῑ
499 1432 556 1499 καὶ
585 1431 763 1512 Φιλόξενος
786 1432 944 1522 στρατιάν
969 1429 1062 1517 άγων

100 1529 167 1600 άτδ
187 1537 318 1619 Καρίας
343 1534 401 1600 καὶ
420 1533 623 1621 Μένανδρος
651 1536 687 1602 ἐκ
705 1537 836 1612 Λυδίας
863 1531 987 1611 άλλους
1003 1533 1061 1601 καλ

100 1637 255 1712 Μενίδας
267 1631 348 1712 τοός
362 1636 482 1713 ἱππίας
496 1631 590 1720 άγων
603 1633 684 1714 τοδς
697 1633 791 1724 αὐτῷ
806 1635 1061 1719 ξυνταχθέντας.

99 1734 158 1801 καὶ
184 1740 357 1821 πρεσβεῖαι
383 1734 422 1803 δὲ
448 1737 485 1803 ἐν
510 1735 621 1825 τούτῳ
649 1737 685 1802 ἐκ
708 1739 767 1820 τῆς
782 1734 940 1813 Ἑλλάδος
965 1727 1095 1822 inoffi

59 1865 87 1904 15
100 1837 157 1903 καί
188 1835 320 1903 τοότων
352 1839 390 1904 οί
417 1837 570 1923 πρέσβεις
603 1833 705 1922 αότοί
727 1861 764 1904 τε
797 1837 1064 1924 ἐστεφανωμένοι

95 1934 307 2028 Ἀλεξάνδρῳ
330 1943 525 2026 προσῆλθον
549 1937 606 2005 καὶ
633 1935 841 2024 ἐστεφάνουν
862 1933 969 2006 αὐτόν
987 1957 1061 2005 στε-

100 2037 222 2126 φάνοις
252 2053 412 2126 χρυσοῖς,
439 2037 484 2122 τίς
512 2037 638 2126 θεωροὶ
662 2039 767 2124 δῆθεν
795 2040 828 2118 ές
853 2037 952 2125 τιμὴν
976 2039 1062 2106 θεοῦ

100 2139 287 2227 ἀφιγμένοι.
339 2143 386 2232 τῷ
414 2139 453 2208 δέ
478 2138 519 2209 οό
547 2139 662 2227 πόρρω
688 2136 710 2224 ἡ
735 2137 873 2226 τελευτὴ
899 2131 951 2224 ἦν.
1039 2191 1042 2198 .

166 2238 275 2310 Ἔνθα
292 2240 335 2328 δὴ
353 2241 433 2320 τοός
450 2267 486 2310 τε
505 2243 640 2330 Πέρσας
659 2241 835 2319 ἐπαινέσας
852 2245 910 2326 τῆς
929 2250 1060 2326 προθυ-
1079 2248 1096 2296 3

58 2370 87 2410 ιο
100 2346 190 2428 μίας,
204 2339 255 2410 ότι
267 2341 377 2411 πάντα
391 2343 567 2431 Πευκέστᾳ
582 2344 771 2426 ἐπείθοντο,
784 2342 841 2408 καλ
851 2338 958 2409 αὐτόν
968 2351 1062 2411 Πευ-

100 2443 223 2510 κέσταν
246 2445 305 2529 τῆς
331 2446 368 2512 ἐν
385 2441 500 2534 κόσμῳ
523 2439 639 2510 αὐτῶν
663 2441 858 2528 ἐξηγήσεως,
885 2443 1062 2526 κατέλεγεν

101 2541 229 2622 αότοδς
246 2544 280 2622 ἐς
297 2543 357 2622 τὰς
376 2542 613 2622 Μακεδονικὰς
629 2542 749 2631 τάξεις,
774 2541 983 2630 δεκαδάρχην
999 2541 1063 2629 μέν

100 2649 161 2731 τῆς
175 2644 316 2724 δεκάδος
328 2643 486 2730 ἡγεῖσθαι
495 2643 682 2714 Μακεδόνα
696 2643 754 2710 καὶ
768 2645 824 2712 ἐπὶ
836 2643 945 2734 τοάτφ
955 2647 1063 2730 διμοι-

101 2751 197 2834 ρίτην
211 2746 396 2815 Μακεδόνα
413 2747 471 2814 καί
489 2745 749 2833 δεκαστάτηρον,
776 2741 883 2824 οὕτως
902 2743 1062 2832 ὀνομαζό-

59 2874 86 2916 εε
99 2871 203 2934 μενον
229 2845 294 2915 άπδ
321 2850 379 2934 τῆς
397 2848 622 2934 μισθοφορᾶς,
647 2845 766 2932 ἥντινα
783 2853 902 2934 μείονα
919 2845 981 2933 μέν
998 2846 1061 2914 τοῦ

100 2952 300 3036 διμοιρίτου,
326 2955 464 3018 πλείονα
490 2947 528 3017 δέ
553 2951 623 3015 τῶν
646 2947 710 3016 οὐκ
729 2951 766 3016 ἐν
784 2949 860 3035 τιμῇ
880 2966 1060 3036 στρατενο·
1095 2949 1102 2966 ’

100 3050 212 3136 μένων
239 3053 373 3136 ἔφερεν·
407 3051 463 3119 ἐπί
489 3048 621 3128 τοότοις
648 3047 686 3116 δὲ
704 3047 835 3117 δυόδεκα
852 3047 987 3137 Πέρσας
1004 3050 1060 3116 καὶ
1079 3062 1096 3111 4

100 3157 292 3219 τελευταῖον
324 3155 382 3237 τῆς
417 3151 559 3230 δεκάδος
585 3147 789 3235 Μακεδόνα,
817 3149 1062 3237 δεκαστάτηρον

100 3252 158 3319 καί
183 3257 318 3338 τοῦτον,
345 3247 428 3320 ὥστε
454 3254 491 3320 ἐν
516 3253 557 3340 τῇ
585 3251 701 3319 δεκάδι
717 3251 880 3338 τέσσαρας
897 3249 959 3337 μὲν
977 3249 1063 3318 εἶναι

58 3380 86 3420 ao
101 3352 318 3440 Μακεδόνας,
349 3352 430 3431 τοδς
462 3352 524 3441 μέν
549 3367 640 3439 τρεῖς
666 3353 708 3439 τῇ
735 3353 929 3439 μισθοφορᾷ
955 3347 1062 3439 προό-

98 3479 233 3541 χοντας,
266 3453 328 3522 τόν
354 3452 391 3523 δὲ
417 3455 458 3542 τῇ
487 3452 574 3540 ἀρχῇ
602 3456 660 3538 τῆς
686 3451 838 3538 δεκάδος,
866 3450 997 3520 δυόδεκα
1024 3449 1062 3519 δέ

100 3555 247 3645 Πέρσας,
273 3553 352 3635 τοδς
378 3553 439 3642 μὲν
458 3553 661 3634 Μακεδόνας
678 3550 739 3642 τὴν
764 3553 905 3642 πάτριον
932 3549 1064 3620 ὅπλισιν
