2664 3946
470 246 653 298 καλειται
670 249 698 308 ι,
717 247 759 302 τε.
1035 245 1095 311 141

131 387 305 453 τοσούτων
320 386 459 470 ίππέων,
476 385 587 464 ἄλλως
606 410 643 452 τε
662 386 719 452 καὶ
739 391 809 452 τάν
824 390 1013 472 κρατίστων
1033 393 1096 452 τοῦ

133 487 258 566 παντὸς
292 489 432 554 ἱππικοῦ
464 488 549 554 κατά
581 510 619 553 τε
649 485 789 566 άξίωσιν
815 489 872 553 καὶ
899 485 962 574 τῆν
989 486 1097 570 άλλην

133 586 257 674 άρετῆν
286 589 495 674 ἐξηγεῖσθαι,
525 586 716 672 άφιιινείται
745 589 780 667 ές
805 587 885 667 τούς
905 589 1009 655 πάλαι
1033 589 1096 672 μὲν

130 689 310 776 Ἀριάσπας
330 691 571 776 καλουμένους,
595 688 740 774 ὕστερον
758 691 797 757 δέ
812 689 1000 775 Εὐεργέτας
1015 690 1096 756 ἐπο-

106 793 376 877 ενομασθέντας,
389 789 441 856 δτι
451 791 555 878 Κύρῳ
565 795 614 876 τῷ
625 792 813 876 Καμβύσου
828 792 1096 875 ξυνεπελάβοντο

133 899 193 978 τῆς
222 896 257 970 ές
279 893 422 968 Σκύθας
444 892 599 968 ἐλάσεως.
637 894 694 957 καλ
721 893 863 970 τούτους
882 891 1131 975 Ἀλέξανδροςσ

134 985 185 1060 ὧν
219 1017 257 1059 τε
294 994 329 1070 ἐς
364 997 483 1076 Κύρου
519 990 674 1077 ὑπῆρξαν
711 995 746 1058 οί
784 993 948 1078 πρόγονοι
984 992 1098 1058 αὐτῶν

134 1095 276 1180 τιμῆσας
312 1095 369 1160 καί
405 1091 509 1172 αύτδς
543 1093 750 1179 καταμαθών
783 1093 911 1178 ἄνδρας
946 1092 988 1162 ού
1013 1091 1098 1160 κατά

134 1192 214 1274 τοὺς
241 1193 368 1274 ἄλλους
393 1195 473 1272 τούς
494 1196 599 1280 ταύτη
626 1197 821 1280 βαρβάρους
846 1195 1098 1280 πολιτεύοντας,

98 1325 123 1364 ιο
138 1292 223 1363 άλλά
258 1302 320 1363 τοῦ
358 1298 492 1362 δικαίου
526 1302 583 1362 ίσα
615 1299 672 1362 καλ
707 1307 778 1374 τοῖς
809 1300 999 1382 κρατίστοις
1029 1301 1099 1363 τῶν

131 1398 304 1483 Ἑλλήνων
335 1399 658 1484 μεταποιουμένους,
693 1399 897 1483 ἐλευθέρους
925 1421 962 1464 τε
989 1395 1098 1482 άφῆκε

136 1501 193 1567 καὶ
218 1501 332 1584 χάραν
352 1505 411 1584 τῆς
436 1497 565 1586 ὁμόρου
587 1499 671 1584 ὅσην
693 1497 790 1565 αύτοὶ
817 1503 936 1584 σφίσιν
956 1496 1099 1586 ᾔτησαν,

139 1600 182 1666 ού
216 1595 347 1684 πολλῆν
378 1602 417 1668 δέ
450 1599 526 1667 οὐδ’
561 1599 656 1666 αύτοὶ
688 1599 837 1688 ᾔτησαν,
873 1602 1099 1685 προσέθηκεν.

140 1703 293 1768 ἐνταῦθα
314 1701 426 1780 θύσας
452 1707 498 1788 τῷ
523 1700 710 1767 Ἀπόλλωνι
731 1702 929 1788 Δημήτριον
956 1701 1018 1787 μέν
1039 1701 1099 1766 ἕνα

100 1829 125 1869 ιε
138 1809 207 1870 τῶν
225 1804 535 1889 σωματοφυλάκων,
547 1801 761 1881 ὑποπτεύσας
777 1814 954 1888 μετασχεῖν
964 1803 1100 1889 Φιλοίτᾳ

138 1911 198 1990 τῆς
225 1907 422 1990 ἐπιβουλῆς,
452 1906 628 1988 ξυνέλαβε·
665 1905 937 1990 σωματοφύλακα
962 1905 1000 1972 δέ
1025 1903 1100 1970 άντλ

139 2011 338 2092 Δημητρίου
360 2007 512 2084 άπέδειξε
533 2010 749 2092 Πτολεμαῖον
770 1999 832 2072 τὸν
851 2006 979 2090 Λάγου.

229 2113 342 2174 Ταῦτα
357 2109 395 2172 δὲ
411 2107 676 2193 διαπραξάμενος
692 2107 812 2194 προῄει
832 2104 879 2184 ως
894 2109 949 2173 ἐπὶ
963 2107 1100 2189 Βάκτρα
1108 2117 1151 2186 28

140 2234 177 2277 τε
199 2211 256 2276 καλ
277 2215 426 2293 Βῆσσον,
448 2210 610 2294 Δράγγας
636 2232 673 2274 τε
694 2210 751 2274 καλ
772 2205 977 2294 Γαδρωσούς
999 2210 1038 2276 ἐν
1058 2213 1101 2294 τῆ

101 2334 128 2374 ιο
142 2311 280 2398 παρόδῳ
298 2311 609 2395 παραστησάμενος.
637 2312 868 2394 παρεστήσατο
889 2311 928 2377 δέ
946 2311 1004 2376 καὶ
1023 2307 1102 2386 τούς

138 2406 346 2496 Ἀραχωτούς
377 2411 434 2477 καὶ
467 2413 642 2496 σατράπην
670 2413 872 2495 κατέστησεν
902 2409 956 2478 ἐπ’
990 2409 1103 2488 αύτοΐς

141 2515 302 2579 Μένωνα.
336 2511 464 2595 ἐπῆλθε
485 2513 524 2578 δὲ
545 2515 601 2577 καλ
622 2516 691 2578 τῶν
709 2513 826 2579 Ἰνδῶν
847 2510 928 2590 τούς
947 2513 1102 2597 προσχω-

143 2635 224 2696 ρους
249 2611 457 2697 Ἀραχωτοῑς.
494 2613 669 2697 ξύμπαντα
691 2613 729 2678 δὲ
752 2619 858 2679 ταῦτα
878 2614 919 2680 τά
940 2617 1025 2698 ἔθνη
1047 2611 1102 2679 διά

142 2716 258 2799 χιόνος
279 2738 315 2780 τε
337 2718 463 2798 πολλῆς
490 2715 547 2779 καὶ
574 2713 636 2792 ξύν
658 2711 781 2800 άπορίηι
807 2719 877 2780 τάν
905 2716 1103 2800 ἐπιτηδείων

103 2838 129 2880 ιι
143 2818 201 2881 καί
230 2821 299 2882 τῶν
326 2820 540 2898 στρατιωτῶν
565 2819 776 2902 ταλαιπωρία
802 2817 943 2902 ἐπῆλθε.
982 2815 1136 2901 μαθύνε

142 2917 181 2985 δὲ
207 2916 286 2994 τούς
308 2914 455 3001 Ἀρείους
480 2907 583 2993 αὖθις
609 2916 814 3002 άφεστάναι,
848 2920 1103 3001 Σατιβαρζάνου

142 3019 178 3095 ἐς
199 3015 262 3102 τῆν
284 3019 399 3102 χώραν
416 3015 531 3088 αὐτῶν
554 3019 759 3102 ἐμβαλόντος
780 3017 846 3085 σύν
869 3020 1007 3086 ίππεῦσι
1028 3021 1103 3085 δισ-

143 3123 274 3203 χιλίοις,
297 3117 358 3196 ούς
379 3116 470 3202 παρά
495 3119 632 3203 Βῆσσον
654 3123 786 3204 ἐλαβεν,
809 3119 1005 3187 ἀποστέλλει
1026 3121 1102 3206 παρ’

143 3217 268 3297 αύτούς
281 3219 480 3304 Ἀρτάβαζόν
498 3243 535 3285 τε
557 3219 617 3286 τδν
632 3222 770 3306 Πέρσην
790 3223 847 3287 καλ
858 3221 1027 3308 Ἐρίγυιον
1046 3223 1103 3287 καλ

105 3344 130 3385 ιο
144 3321 304 3405 Κάρανον
325 3325 395 3386 τάν
419 3320 575 3405 ἑταίρων·
613 3323 794 3406 προσέταξε
822 3323 860 3390 δὲ
887 3325 944 3388 καλ
967 3329 1102 3408 Φρατα-

144 3423 285 3508 φέρνην,
297 3423 358 3487 τόν
371 3425 441 3486 τοῖν
452 3425 664 3506 Παρθυαίων
679 3425 865 3507 σατράπην,
882 3425 1103 3509 ξυνεμβαλεῖν

142 3520 258 3599 αὐτοῖς
288 3526 323 3600 ἐς
348 3523 430 3601 τούς
453 3522 611 3606 Ἀρείους.
656 3527 713 3588 καλ
739 3528 889 3608 γίγνεται
920 3525 1007 3610 μάχη
1034 3536 1136 3602 τοῖςι
