2664 3946
213 195 273 258 168
560 191 810 250 εαεεωιιεοκ

213 353 391 440 πέμψαντα
421 353 571 420 κωλῦσαι
596 350 798 430 Μακεδόνας
823 353 1014 439 μεμνῆσθαι
1040 358 1088 420 ἔτι
1112 356 1174 438 τῆς

175 468 194 515 κ
212 450 479 538 προσκυνήσεως.
518 449 605 520 ἀλλά
631 456 726 538 σιγῆς
743 452 808 540 γὰρ
825 453 1007 539 γενομένης
1026 453 1081 522 ἐπὶ
1100 467 1174 532 τοῖς

211 554 321 639 λόγοις
339 550 550 632 ἀναστάντας
564 554 707 640 Περσῶν
723 548 805 632 τοός
822 553 1074 640 πρεσβυτάτους
1093 555 1174 641 έφε·

211 657 268 741 ξής
291 668 505 741 προσκυνεῖν.
545 653 738 724 Λεοννάτον
757 655 808 740 δέ,
836 655 896 724 ἕνα
920 660 988 723 των
1017 656 1173 742 ἑταίρων,

213 756 325 840 έπειθή
350 781 399 834 τις
426 753 534 824 έθόκει
558 759 628 824 τῶν
646 758 788 842 Περσῶν
807 753 900 847 αὐτῷ
918 753 983 824 οόκ
1002 758 1038 824 έν
1055 754 1200 848 κόσμςοε

212 857 460 944 προσκυνῆσαι,
485 855 546 924 τὸν
578 854 616 926 δέ
649 855 838 942 ἐπιγελάσαι
867 858 914 948 τῷ
944 856 1086 944 σχήματι
1110 862 1173 926 τοῦ

214 961 361 1045 Περσοῦ,
380 955 426 1036 ως
442 955 616 1026 ταπεινόν·
643 959 701 1026 καὶ
719 956 830 1049 τοότφ
847 957 1081 1044 χαλεπήναντα
1096 956 1174 1026 τότε

210 1057 429 1146 Ἀλέξανδρον
447 1059 695 1145 ξυναλλαγῆναι
711 1050 822 1139 αὖθις.
867 1056 1117 1144 ἀναγέγραπται
1134 1057 1174 1126 δὲ

179 1159 255 1246 εθή
274 1160 332 1228 καλ
348 1159 480 1228 τοῖόσδε
498 1159 608 1246 λόγος.
651 1167 828 1249 προπίνειν
846 1159 969 1247 φιάλην
989 1165 1118 1248 χρυσῆν
1137 1162 1174 1228 έν

212 1259 327 1352 κόκλφ
343 1259 561 1350 Ἀλέξανδρον
582 1260 726 1346 πράτοις
745 1259 809 1348 μὲν
829 1261 959 1340 τούτοις
981 1258 1064 1348 πρός
1089 1257 1173 1330 οῧσ-
1188 1293 1212 1334 τι

213 1389 306 1442 τινας
324 1363 493 1444 ξυνέκειτο
511 1357 607 1451 αὐτῷ
623 1359 664 1428 τά
682 1363 741 1447 τῆς
760 1361 1035 1451 προσκυνήσεως·
1061 1360 1122 1429 τὸν
1136 1361 1174 1430 δέ

214 1467 347 1553 πρῶτον
375 1461 532 1533 ἐκπιόντα
556 1462 617 1548 τὴν
643 1461 768 1550 φιάλην
784 1464 1021 1550 προσκυνῆσαί
1028 1489 1070 1531 ’τε
1088 1460 1174 1532 ἀνα-

215 1565 341 1633 στάντα
365 1566 422 1632 καὶ
449 1566 633 1651 φιληθῆναι
651 1560 735 1652 πρὸς
753 1558 873 1650 αὐτοῦ,
900 1563 1075 1632 καὶτοῦτο
1095 1567 1174 1651 ἐφε-

179 1665 271 1752 ιξής
294 1665 347 1734 θιά
372 1663 510 1732 πάντων
532 1665 689 1751 χωρῆσαι.
741 1663 788 1744 σός
814 1664 852 1733 δὲ
880 1666 913 1744 ές
940 1666 1175 1752 Καλλισθένην

213 1757 293 1853 ήκεν
316 1763 337 1852 ή
362 1763 540 1855 πρόποσις,
568 1761 752 1852 ἀναστῆναι
777 1764 840 1852 μὲν
858 1767 1092 1853 Καλλισθένην
1117 1767 1174 1833 καὶ
1188 1791 1214 1831 ιε

216 1870 341 1936 ἐκπιεῖν
358 1864 419 1953 τήν
434 1865 568 1953 φιάλην,
593 1867 650 1934 καὶ
669 1865 899 1954 προσελθόντα
918 1867 1047 1936 ἐθέλειν
1073 1871 1175 1954 φιλή-

215 1987 270 2038 σαι
295 1965 336 2036 οό
363 1967 653 2056 προσκυνήσαντα.
707 1967 768 2035 τόν
800 1967 838 2036 δὲ
869 1982 984 2054 τυχεῖν
1014 1966 1078 2056 μὲν
1099 1967 1175 2035 τότε

215 2067 453 2156 διαλεγόμενον
475 2065 709 2154 Ἡφαιστίωνι·
760 2066 888 2138 οὔκουν
914 2069 1089 2155 προσέχειν
1114 2068 1174 2138 τόν

215 2172 321 2256 νοῦν,
347 2175 379 2238 εί
403 2168 460 2237 καλ
484 2168 526 2236 τά
551 2170 609 2255 τῆς
635 2169 895 2257 προσκυνήσεως
927 2172 1057 2255 ἐπιτελῆ
1081 2168 1173 2260 αὐτῷ

181 2271 437 2340 σΚαλλισθένει
474 2270 615 2356 ἐγένετο.
677 2267 761 2337 ἀλλὰ
794 2270 987 2358 Δημήτριον
1017 2268 1083 2358 γάρ
1115 2269 1215 2339 τόνεο

215 2371 460 2459 Πυθώνακτος,
487 2373 547 2440 ἕνα
572 2373 641 2438 τῶν
669 2372 823 2458 ἑταίρων,
850 2370 895 2452 ὥς
921 2371 1061 2461 προσῄει
1083 2370 1175 2464 αὐτῷ

215 2467 234 2542 ό
253 2474 484 2559 Καλλισθένης
503 2472 673 2560 φιλήσων,
691 2469 796 2560 φάναι
813 2469 863 2540 ὅτι
881 2466 922 2541 οό
942 2472 1176 2559 προσκυνήσας

215 2574 381 2660 πρόσεισι·
400 2572 457 2641 καὶ
474 2571 766 2660 τόνἈλέξανδρον
783 2571 824 2642 ον’
840 2589 1025 2660 παρασχεῖν
1041 2577 1177 2662 φιλήσαι

218 2673 356 2744 ἑαυτόν·
394 2673 454 2742 τόν
490 2672 527 2743 θλ
561 2675 814 2763 Καλλισθένην,
850 2675 1024 2762 φιλήματι,
1059 2674 1175 2763 φάναι,

220 2781 353 2845 ἔλαττον
382 2780 467 2862 ἔχων
494 2772 614 2862 ἀπειμι.
1189 2801 1214 2843 τε

184 2888 201 2937 6
296 2876 365 2945 Καὶ
397 2875 528 2944 τούτων
562 2876 626 2960 έγιό
660 2873 722 2944 ὅσα
749 2877 783 2955 ές
808 2875 909 2964 ὕβριν
936 2901 972 2944 τε
996 2875 1059 2960 τήν
1082 2875 1176 2946 Ἀλε-

218 2975 366 3064 ξάνδρου
384 2974 446 3062 τήν
469 2979 569 3066 ἐντῷ
588 2983 779 3062 παραυτίκα
796 2975 852 3043 καὶ
871 2979 904 3055 ἐς
922 2975 1099 3065 σκαιότητα
1116 2977 1177 3064 τήν

216 3078 475 3157 Καλλισθένους
493 3077 650 3164 φέροντα,
666 3074 768 3144 οὐδὲν
781 3075 914 3164 οόθαμή
930 3080 1072 3146 ἐπαινῶ·
1091 3075 1176 3147 ἀλλά

217 3177 256 3246 τό
275 3175 355 3247 καθ’
371 3178 477 3247 αότόν
490 3176 556 3264 γάρ
573 3183 717 3264 κοσμίως
735 3182 893 3247 τίθεσθαι
912 3180 1063 3265 ἐξαρκεῖν
1080 3187 1177 3269 φημί,

219 3277 364 3361 αὔξοντα
383 3276 428 3358 οἱς
446 3276 594 3348 ἀνυστόν
611 3277 653 3347 τά
670 3279 833 3367 βασιλέως
851 3278 1028 3368 πράγματα
1047 3278 1113 3373 ότφ
1131 3308 1176 3360 τις
1189 3307 1213 3349 ω

187 3387 369 3462 λξυνεῖναι
400 3378 464 3448 ουίι
497 3374 697 3468 ἀπηξίωσεν.
756 3378 884 3448 οὔκουν
917 3375 1102 3462 ἀπεικότως
1129 3381 1175 3449 δι’

218 3479 399 3568 ἀπεχθείας
421 3479 580 3567 γενέσθαι
596 3477 805 3568 Ἀλεξάνθρῳ
828 3481 1064 3566 Καλλισθένην
1084 3490 1179 3552 τίθε-
