2590 3948
413 257 596 310 ιιιιιιεαια
613 259 639 322 τ,
658 259 698 309 25.
718 259 760 310 ιο.
1005 256 1069 322 329

114 413 274 483 ἐπιθέντα
291 411 404 484 οάιιέτι
423 415 589 483 ἐλιννόειν
606 415 829 503 πυρέσσοντα.
855 412 942 484 άλλά
960 417 1016 484 καὶ
1032 412 1075 496 ὣς

111 512 193 595 τούς
210 513 379 602 ἡγεμόνας
396 517 638 585 εἰσκαλέσαντα
664 517 908 604 παραγγέλλων
930 518 973 586 τὰ
990 518 1076 605 πρὸς

113 614 175 683 τόν
200 621 347 685 ἐκπλουυ
369 616 462 698 ὅπως
485 614 579 709 αύτῷ
605 623 695 686 ἐσται
713 619 840 706 ἕτοιμοι·
885 618 1078 688 λούσασθαί

112 743 149 786 τε
168 719 221 786 ἐπί
238 721 282 804 τῇ
302 718 438 808 ἑσπέρᾳ,
461 719 519 788 καὶ
536 719 747 806 λουσάμενον
763 717 829 808 ῆδη
849 724 935 806 ἐχειν
954 726 1073 800 κακῶς.

86 823 153 907 ετῆ
181 816 220 887 δέ
244 816 406 909 ὑστεραίᾳ
432 825 717 906 μετακομισθῆναι
743 823 777 901 ἐς
794 820 856 907 τῆν
883 827 996 891 οίκίαν
1013 822 1107 908 τῆν5

110 917 196 1007 πρός
222 924 264 1009 τῆ
290 919 514 1011 κολυμβήθρᾳ
540 922 597 989 καὶ
614 926 723 990 θύσαι
739 921 802 1009 μέν
819 921 860 989 τά
877 923 1076 1010 τεταγμένα,

111 1028 232 1107 ἔχοντα
258 1019 296 1090 δέ
322 1022 478 1110 πονήρως
504 1019 594 1110 ὅμως
620 1011 795 1092 ἐσκαλέσαι
811 1024 880 1090 τῶν
897 1022 1076 1111 ἡγεμόνοιν

109 1121 193 1202 τούς
224 1122 516 1211 ἐπικαιριωτάτους
548 1124 606 1191 καὶ
641 1120 731 1212 ὑπὲρ
763 1127 825 1192 τοῦ
860 1126 946 1192 πλού
972 1117 1075 1204 αὖθις

99 1224 363 1310 παραγγέλλειν.
413 1226 457 1313 τῆ
482 1223 521 1293 δέ
547 1223 688 1314 ἐπιούση
714 1222 811 1312 μόγις
838 1226 1076 1314 ἐκκομισθῆναι

71 1352 97 1391 ιο
112 1323 200 1411 πρός
217 1323 258 1392 τά
279 1326 351 1413 ίερά
365 1327 424 1394 καὶ
437 1330 556 1416 θύται,
571 1327 630 1394 καλ
644 1325 750 1414 μηδὲν
764 1339 861 1414 μείου
879 1330 928 1394 ἐτι
941 1351 1072 1416 παραγ·

111 1427 243 1512 γέλλειν
267 1425 358 1515 ύπέρ
382 1432 446 1495 τοῦ
472 1433 561 1496 πλού
586 1442 658 1507 τοῖς
675 1426 845 1515 ἡγεμόσιν.
890 1429 924 1508 ἐς
949 1427 988 1496 δὲ
1013 1429 1109 1517 τῆν6

110 1525 295 1616 ὑστεραίαν
319 1554 430 1608 κακις
447 1526 512 1616 ῆδη
531 1535 649 1616 ἔχοντα
667 1528 757 1616 ὅμως
773 1533 880 1599 θῦσαι
896 1525 937 1596 τά
955 1555 1075 1616 τεταγ-

111 1630 206 1717 μένα.
259 1637 483 1718 παραγγεῖλαι
509 1630 545 1698 δέ
566 1629 648 1710 τούς
673 1629 736 1718 μὲν
763 1629 972 1717 στρατηγούς
999 1635 1074 1700 δια-

110 1736 239 1818 τρίβειν
264 1731 349 1799 κατά
375 1729 438 1817 τῆν
464 1729 586 1818 αύλῆν,
612 1731 782 1820 χιλιάρχας
809 1730 847 1799 δέ
873 1733 931 1800 καὶ
950 1755 1074 1801 πεντα-

71 1859 97 1898 15
111 1830 290 1921 κοσιάργας
329 1831 395 1920 πρό
427 1837 497 1900 τάν
526 1838 656 1920 θυρῶν.
714 1831 777 1921 ῆδη
811 1831 849 1901 δέ
884 1832 1076 1903 παντάπασι

111 1935 266 2021 πονηρῶς
294 1939 412 2020 ἔχοντα
438 1937 693 2021 διακομισθῆναι
719 1937 755 2002 ἐκ
787 1934 848 2001 τοῦ
866 1937 1074 2024 παραδείσου

110 2041 163 2114 είς
194 2035 236 2102 τά
267 2041 429 2123 βασίλεια.
482 2035 708 2104 είσελιδόυτων
734 2035 773 2103 δὲ
803 2038 873 2103 τόν
898 2031 1076 2124 ἡγεμόνων

109 2137 240 2222 γυοῖναι
270 2135 333 2224 μέν
357 2132 503 2226 αύτούς,
537 2139 691 2224 φωνῆσαι
716 2136 755 2205 δέ
779 2135 886 2224 μηδὲν
912 2141 970 2224 ἐτι,
997 2135 1074 2204 ἀλλ’

109 2234 199 2306 εἶναι
234 2232 402 2306 άναυδον·
436 2239 493 2306 καί
524 2238 588 2326 τῆν
619 2236 726 2306 νύκτα
757 2237 940 2324 πυρέσσειν
965 2242 1077 2318 κακῶς

68 2366 95 2406 ιο
109 2339 170 2406 καί
203 2337 265 2425 τῆν
295 2337 436 2429 ἡμέραν,
468 2339 525 2407 καὶ
557 2339 621 2426 τῆν
653 2334 761 2425 άλλην
796 2336 906 2406 νύκτα
931 2339 989 2406 καλ
1014 2339 1076 2427 τῆν

108 2437 252 2527 ῆμέραν.

193 2537 309 2620 Οὕτως
336 2543 373 2610 ἐν
398 2555 473 2621 ταῖς
500 2543 676 2630 ἐφημερίσι
691 2553 765 2620 ταῖς
782 2546 962 2628 βασιλείοις
987 2537 1072 2610 άνα-
1085 2539 1125 2606 26

109 2643 306 2730 γέγραπται,
331 2642 389 2710 καὶ
416 2642 472 2712 ἐπὶ
496 2641 628 2720 τούτοις
654 2639 704 2710 ότι
729 2646 764 2710 οί
779 2646 976 2729 στρατιῶται
992 2642 1075 2710 ἐπό-

108 2753 224 2828 θησαν
258 2745 345 2811 ίδεῑν
371 2741 490 2829 αὐτόν,
518 2746 554 2811 οί
576 2744 651 2830 μέν,
678 2741 724 2822 τός
749 2746 855 2826 ζῶντα
882 2748 929 2810 ἐτι
955 2746 1074 2812 ίδοιεν·

66 2871 94 2914 ιο
109 2848 147 2913 οί
158 2843 209 2929 δέ,
223 2839 273 2912 ὅτι
284 2845 483 2931 τεθνηκέναι
494 2842 558 2930 ῆδη
574 2843 799 2932 ἐξηγγέλλετο,
814 2842 1077 2930 ἐπικρύπτεσθαι

109 2943 150 3013 δέ
176 2941 284 3012 αότοῦ
312 2942 470 3028 ἐτόπαζον
496 2943 581 3035 πρός
606 2949 675 3014 τῶν
697 2943 997 3033 σωματοφυλάκων
1013 2946 1076 3014 τόν

107 3043 276 3132 θάνατον,
304 3043 350 3126 άς
376 3050 481 3132 ἔγωγε
514 3050 620 3115 δοκῶ·
659 3044 739 3126 τούς
765 3044 915 3124 πολλούς
941 3045 980 3114 δέ
1004 3045 1074 3115 ύπὸ

107 3148 262 3226 πένθους
287 3147 345 3215 καὶ
371 3145 484 3216 πόθου
510 3153 573 3216 τού
598 3147 761 3236 βασιλέως
787 3147 969 3236 βιάσασθαι
987 3151 1075 3216 ἰδεῖν

104 3246 338 3335 Ἀλέξανδρον.
363 3247 424 3317 τὸν
437 3247 475 3316 δέ
487 3244 627 3336 ἄφωνον
639 3247 703 3334 μὲν
715 3245 801 3316 εἶναι
815 3247 950 3334 λέγουσι
962 3274 1074 3336 παρα-

65 3378 93 3420 οο
108 3349 340 3436 πορευομένης
348 3352 409 3436 τῆς
418 3354 586 3438 στρατιάς·
608 3349 802 3429 δεξιοῦσθαι
810 3348 848 3418 δέ
858 3347 903 3429 ὥς
914 3347 1074 3431 ἑκάστους
1106 3375 1107 3384 ’

107 3447 173 3535 τῆν
185 3474 222 3517 τε
238 3448 391 3537 κεφαλὴν
410 3451 591 3538 ἐπαίροντα
608 3449 707 3537 μόγις
720 3450 777 3518 καλ
790 3465 865 3520 τοῖν
877 3444 1073 3537 ὀφθαλμοῖν

108 3552 382 3639 ἐπισημαίνοντα.
409 3553 544 3638 λέγουσι
557 3549 643 3620 δέαί
655 3555 855 3635 ἐφημερίδες
864 3555 903 3621 αλ
913 3558 1072 3625 βασίλειοι
1089 3569 1106 3620 2
