2664 3946
236 253 279 319 98
588 247 837 310 mmmm*

239 395 278 466 δέ
297 402 383 482 ἐγνω
400 395 441 464 τά
459 393 547 482 ἀμφὶ
564 395 601 463 τὸ
620 395 753 482 τραῦμα
769 391 1006 482 ἀληθεύσαντα
1022 392 1084 464 τόν
1097 391 1192 485 Ἀρί-

240 503 424 586 στανδρον,
452 497 571 585 έχάρη,
604 493 654 563 ὅτι
678 497 736 564 καλ
762 496 823 583 τὴν
849 495 948 564 πόλιν
973 495 1015 581 δὴ
1041 495 1193 585 αἱρήσειν

241 598 347 668 ἐδόκει
359 597 598 686 Ἀριστάνδρου
617 599 724 666 ἕνεκα.

205 720 223 770 ο
315 702 384 769 Καὶ
397 697 501 778 αύτός
513 697 575 786 μὲν
588 696 626 766 τό
639 700 773 785 τραῦμα
788 695 1009 786 ἐθεραπεύετο
1022 700 1190 785 χαλεπάς·

239 798 463 888 ἀφικνοῦνται
480 797 507 869 δ’
527 797 620 890 αύτῷ
638 799 863 886 μετάπεμπτοι
879 796 944 868 ἀπό
962 799 1136 888 θαλάσσης
1153 805 1194 870 αλ
1203 832 1216 874 ι

238 903 384 990 μηχαναὶ
407 896 462 982 αἷς
493 900 605 991 Τύρον
630 896 713 969 εἷλε.
747 901 804 969 καλ
833 904 929 986 χῶμα
951 901 1123 987 χωννύναι
1153 904 1191 971 έν

237 1002 354 1093 κύκλφ
371 1003 542 1071 πάντοθεν
565 1005 624 1088 τῆς
647 1001 775 1081 πόλεως
795 1001 988 1088 ἐκέλευσεν,
1012 992 1111 1093 εύρος
1127 1000 1191 1090 μέν

240 1109 275 1184 ἐς
292 1104 357 1174 δύο
374 1109 546 1192 σταδίους,
561 1102 651 1185 ύψος
668 1102 706 1173 δέ
724 1107 758 1182 ἐς
776 1102 883 1182 πόδας
902 1101 1109 1190 πεντήκοντα
1132 1104 1190 1172 καλ

193 1227 222 1278 «4
238 1211 439 1285 διακοσίους.
481 1202 527 1284 άς
549 1204 587 1274 δέ
604 1211 644 1274 αλ
657 1231 693 1273 τε
709 1205 855 1292 μηχαναὶ
873 1203 966 1295 αύτῷ
986 1204 1190 1292 ἐποιήθησαν

237 1309 295 1376 καὶ
310 1311 505 1394 ἐπαχθεῖσαι
517 1306 601 1374 κατὰ
618 1303 656 1374 τὸ
670 1309 764 1392 χῶμα
777 1304 970 1374 κατέσεισαν
982 1308 1043 1374 τοῦ
1057 1313 1190 1392 τείχους
1203 1337 1229 1380 ιι

240 1410 296 1478 ἐπί
309 1408 411 1496 πολύ,
427 1407 612 1494 ύπονόμων
624 1435 660 1477 τε
672 1405 758 1495 άλλη
772 1408 830 1476 καλ
847 1404 933 1495 άλλη
951 1405 1191 1495 ὀρυσσομένων

237 1511 295 1578 καὶ
311 1512 372 1578 τού
387 1513 449 1596 χοῦ
464 1507 604 1595 ἀφανῶς
622 1507 848 1595 ἐκφερομένου
861 1507 900 1576 τό
917 1523 1026 1594 τεῖχος
1040 1513 1189 1596 πολλαχῆ

237 1611 391 1699 ἠρείπετο
408 1609 572 1697 ύφιζάνον
589 1609 673 1678 κατὰ
689 1609 729 1678 τό
745 1607 967 1697 κενούμενον,
988 1625 1059 1690 τοῖς
1076 1637 1113 1680 τε
1129 1611 1189 1699 βέ-

237 1720 328 1780 λεσιν
347 1712 403 1780 έπλ
416 1711 504 1780 πολύ
523 1725 676 1796 κατεῖχον
689 1715 726 1780 oc
736 1710 946 1798 Μακεδόνες,
962 1709 1189 1782 ἀναστέλλον-

236 1839 290 1892 τες
319 1811 400 1891 τούς
424 1811 700 1900 προμαχομένους
725 1814 761 1880 ἐκ
787 1814 857 1880 τῶν
880 1811 1039 1900 πύργων,
1070 1812 1103 1892 ἐς
1125 1811 1188 1899 μέν
1201 1841 1227 1882 ιε

235 1927 326 2002 τρεῖς
344 1913 534 2002 προσβολάς
558 1918 594 1982 ολ
610 1916 646 1982 ἐκ
667 1915 725 2000 τῆς
748 1912 877 1992 πόλεως
901 1913 1188 2002 ἀποθνησκόντων

236 2040 272 2083 τε
285 2011 402 2094 αύτοῖς
416 2017 551 2082 πολλῶν
564 2016 620 2083 καὶ
633 2013 907 2102 τιτρωσκομένων
920 2012 1010 2102 ὅμως
1023 2014 1186 2101 ἀντεῖχον.

202 2131 221 2184 σ
236 2117 279 2203 τῇ
297 2115 438 2206 τετάρτη
462 2114 501 2185 δέ
517 2118 586 2184 τῶν
603 2115 815 2186 Μακεδόνων
838 2114 900 2203 την
923 2116 1081 2202 φάλαγγα
1098 2115 1185 2184 πάν-

235 2227 337 2286 τοθεν
355 2215 581 2304 προσαγαγών
600 2215 817 2305 Ἀλέξανδρος
840 2218 882 2305 τῇ
906 2216 968 2304 μὲν
990 2215 1188 2305 ύπορυσσό-

234 2344 337 2405 μενον
360 2319 398 2387 τό
424 2333 532 2405 τεῖχος
554 2317 770 2406 καταβάλλει,
793 2319 836 2406 τῇ
861 2316 899 2386 δέ
916 2316 1096 2405 παιόμενον
1113 2334 1187 2398 ταῖς
1200 2347 1225 2388 εο

234 2435 398 2509 μηχαναῖς
422 2427 587 2489 κατασείει
611 2420 667 2488 ἐπὶ
691 2417 793 2505 πολύ,
817 2417 862 2497 άς
879 2418 924 2506 μὴ
946 2418 1094 2506 χαλεπὴν
1112 2435 1187 2499 ταῖς

234 2524 368 2608 κλίμαξι
379 2522 442 2606 τὴν
455 2520 648 2609 προσβολὴν
661 2520 745 2588 κατά
758 2522 799 2588 τά
810 2522 1009 2608 ἐρηριμμένα
1019 2521 1185 2589 ἐνδοῦναι.

200 2625 274 2690 οαλ
294 2648 330 2690 τι
353 2613 416 2689 οὖν
439 2629 596 2708 κλίμακες
619 2621 829 2710 προσήγοντο
851 2622 899 2712 τῷ
922 2627 1021 2708 τείχει
1037 2623 1095 2690 καλ
1120 2628 1186 2709 ἔρις

234 2722 341 2808 πολλὴ
349 2712 392 2808 ἦν
400 2725 469 2790 τῶν
479 2720 690 2791 Μακεδόνων
704 2721 775 2792 ὅσοι
782 2749 814 2790 τι
822 2719 941 2809 ἀρετῆς
949 2725 1185 2810 μετεποιοῦντο

234 2819 323 2901 ὅστις
348 2827 479 2911 πρῶτος
502 2823 632 2912 αίρὴσει
652 2824 691 2892 τό
713 2839 837 2910 τεῖχος·
861 2824 918 2890 καλ
941 2828 1033 2912 αι’ρεῖ
1054 2825 1185 2911 πρῶτος
1198 2849 1224 2890 ιι

234 2923 467 3012 Νεοπτόλεμος
494 2927 564 2994 τῶν
594 2926 737 3013 ἑταίρων
765 2927 826 2992 τού
851 2928 1024 2994 Αἰακιδῶν
1046 2925 1184 3012 γένους·

235 3025 290 3094 ἐπὶ
304 3023 342 3094 δέ
355 3024 448 3116 αύτῷ
466 3022 565 3095 ἀλλαι
576 3027 633 3094 καλ
647 3025 745 3094 ἄλλαι
757 3026 862 3106 τάξεις
875 3022 962 3113 όμού
977 3041 1048 3107 τοῖς
1060 3023 1187 3115 ἡγεμό-

199 3142 289 3194 τσιν
311 3125 498 3215 ἀνέβαινον.
539 3124 585 3207 ἀς
607 3125 646 3195 δέ
669 3124 756 3207 ἅπαξ
780 3125 958 3214 παρῆλθόν
980 3153 1068 3206 τινες
1093 3127 1187 3206 ἐντὸς

231 3233 364 3312 τείχους
386 3229 455 3296 τάν
473 3227 703 3316 Μακεδόνων,
726 3235 986 3314 κατασχίσαντες
1009 3226 1113 3308 ἀλλας
1129 3228 1187 3296 καὶ

232 3325 337 3408 ἀλλας
354 3327 482 3417 πύλας,
506 3325 598 3408 ὅσαις
618 3330 749 3399 ἕκαστοι
767 3328 1014 3418 ἐπετύγχανον,
1033 3331 1224 3415 δέχονταιιο
1313 3345 1314 3369 ¹

232 3439 312 3500 εἴσω
329 3429 392 3516 τὴν
405 3430 564 3519 στρατιάν
577 3433 699 3500 πᾶσαν.
727 3435 763 3499 οί
776 3429 814 3499 δέ
828 3439 961 3513 Γαζαῖοι
972 3432 1030 3500 καὶ
1048 3433 1108 3516 της
1121 3429 1186 3498 πό·
1312 3471 1313 3474 =

231 3529 315 3610 λεάς
339 3550 453 3618 σφισιν
476 3530 539 3620 ἤδη
558 3532 716 3620 ἐχομένης
738 3530 972 3618 ξυνεστηκότες
990 3529 1080 3620 ὅμως
1104 3529 1184 3619 ἐμά-
