2650 3948
479 236 662 289 ΑΝΑΒΑΣΙΣ
681 240 705 303 1,
725 240 765 290 ιι.
1055 236 1099 306 23

212 371 365 446 Ἀνιόντα
395 374 430 446 δ’
461 374 567 447 αάτδν
598 380 631 458 ἐς
654 377 760 448 Ἴλιον
789 375 969 461 Μενοίτιός
1004 405 1042 450 τε
1078 377 1150 457 612

138 474 345 566 κυβερνήτης
379 482 496 570 χρυσῷ
530 478 684 572 στεφάνφ
716 479 925 568 ἐστεφάνωσε
958 481 1014 550 καλ
1045 481 1100 550 ἐπὶ

139 579 248 673 τοότφ
275 579 390 668 Χάρης
421 577 439 649 ὁ
467 578 646 668 Ἀθηναῑος
673 583 709 650 ἐκ
734 588 872 668 Σιγείου
901 580 1013 652 ἐλθών
1042 589 1103 653 καί

139 707 226 760 τινες
249 681 305 750 καὶ
328 679 442 769 ἀλλοι,
469 685 504 751 οί
526 681 589 770 μὲν
606 681 782 770 Ἕλληνες,
810 686 846 752 οί
860 682 898 753 δὲ
917 682 1098 772 ἐπιχώριοι·

113 779 159 852 εὸ
178 781 216 852 δὲ
233 782 290 850 καί
308 779 411 863 αάτός
428 780 487 852 τόν
508 780 681 871 Ἀχιλλέως
699 781 764 873 ἀρα
781 783 891 872 τάφον
909 784 1099 874 ἐστεφάνω-

141 901 215 953 σεν·
245 881 472 971 Ἡφαιστίωνα
496 883 534 953 δὲ
560 886 717 971 λέγουσιν
740 884 792 954 ότι
813 891 875 954 τοά
899 885 1099 976 Πατρόκλου

140 983 203 1054 τόν
225 984 335 1073 τάφον
361 984 587 1074 ἐστεφάνωσε·
615 987 672 1054 καὶ
696 980 930 1074 εὐδαιμόνισεν
947 986 1030 1078 ἀρα,
1056 986 1100 1068 ώς

142 1085 259 1173 λόγος,
281 1084 498 1175 Ἀλέξανδρος
520 1085 684 1176 Ἀχιλλέα,
711 1085 762 1156 ότι
784 1085 928 1178 Ὁμήρου
954 1087 1101 1180 κήρυκος

144 1190 179 1268 ές
195 1184 258 1275 τήν
271 1193 383 1257 ἔπειτα
395 1186 529 1276 μνήμην
546 1193 651 1276 ἔτυχε.
678 1189 734 1257 καὶ
751 1190 863 1278 μέντοι
875 1191 932 1259 καί
949 1183 994 1278 ήν
1008 1185 1100 1262 Ἀλε-
1117 1201 1135 1256 2

102 1313 130 1356 ιο
143 1288 277 1382 ξάνδρφ
308 1286 371 1378 οάχ
400 1289 518 1378 ήκιστα
553 1289 674 1360 τοότου
706 1292 804 1360 ἕνεκα
834 1288 1102 1380 εὐδαιμονιστέος

139 1388 327 1479 Ἀχιλλεύς,
358 1390 407 1460 ὅτι
433 1389 527 1483 αὐτῷ
553 1418 592 1478 γε
611 1389 837 1486 Ἀλεξάνδρῳ,
867 1389 908 1461 οά
933 1392 1016 1462 κατά
1039 1391 1102 1480 τήν

143 1489 251 1578 ἀλλην
277 1494 466 1579 ἐπιτυχίαν,
492 1491 530 1562 τό
556 1500 681 1581 χωρίον
706 1498 806 1562 τοῦτο
832 1492 962 1574 ἐκλιπὲς
980 1495 1103 1582 ξυνέβη

144 1589 227 1664 οὐδὲ
251 1594 412 1682 ἐξηνέχθη
437 1596 470 1674 ἐς
497 1591 702 1683 ἀνθρώπους
719 1593 760 1664 τά
781 1591 1002 1684 Ἀλεξάνδρου
1021 1600 1103 1685 ἔργα

146 1696 301 1776 ἐπαξίως·
331 1693 406 1764 οὔτ’
430 1686 495 1764 οόν
517 1694 748 1784 καταλογάδην
772 1694 850 1766 οὔτε
872 1722 920 1778 τις
940 1699 977 1766 ἐν
993 1697 1102 1790 μέτρῳ

104 1824 133 1865 ιε
148 1798 314 1883 ἐποίησεν,
341 1793 416 1865 ἀλλ’
435 1793 517 1865 ου’δδ
530 1799 572 1889 έν
589 1799 680 1886 μέλει
696 1793 788 1887 ήσθη
802 1796 1035 1888 Ἀλέξανδρος,
1067 1800 1104 1868 έν

145 1894 211 1989 ότφ
225 1890 338 1988 Ἱέρων
355 1925 391 1967 τε
408 1898 464 1966 καὶ
478 1897 593 1968 Γέλων
605 1899 661 1968 καὶ
676 1897 797 1989 Θήρων
810 1899 866 1968 καί
880 1899 997 1969 πολλοὶ
1010 1895 1105 1969 ἀλλοι

146 1995 249 2068 οάδέν
273 2025 304 2068 τι
325 1996 532 2093 Ἀλεξάνδρῳ
559 1999 760 2088 ἐπεοικότες,
788 1999 873 2070 ώστε
897 1999 984 2070 πολι)
1008 2015 1104 2090 μεῖον

145 2095 364 2188 γιγνώσκεται
388 2099 428 2170 τά
456 2098 678 2187 Ἀλεξάνδρου
701 2098 722 2189 ή
748 2098 789 2171 τά
816 2101 1010 2190 φαυλότατα
1035 2106 1104 2172 τών

146 2201 249 2270 πάλαι
267 2207 391 2291 ἔργων·
417 2195 519 2272 ὁπότε
536 2203 592 2271 καί
615 2196 725 2290 ήτών
748 2210 881 2293 μυρίων
905 2201 971 2274 σόν
996 2202 1139 2298 Κόρφσ

104 2330 133 2372 to
147 2302 270 2383 ἄνοδος
288 2303 343 2372 ἐπὶ
359 2304 496 2390 βασιλέα
514 2301 730 2394 Ἀρταξέρξην
746 2305 804 2374 καὶ
819 2303 861 2374 τά
877 2304 1052 2395 Κλεάρχου
1069 2330 1106 2375 τε

146 2405 204 2473 καὶ
221 2409 289 2473 τών
306 2400 373 2493 ἀμα
391 2401 485 2497 αὐτῷ
504 2401 655 2474 ἀλόντων
681 2405 863 2495 παθήματα
880 2403 975 2494 καλή
1001 2404 1101 2474 κατά·

146 2512 242 2594 βασις
255 2502 370 2575 αότών
384 2508 534 2593 ἐκείνων,
551 2502 595 2594 ήν
608 2509 770 2596 Ξενοφών
787 2501 911 2588 αότοός
928 2506 1105 2596 κατήγαγε,

148 2605 236 2676 πολό
266 2633 298 2676 τι
324 2608 566 2696 ἐπιφανέστερα
599 2611 633 2688 ές
659 2606 864 2697 ἀνθρώπους
887 2613 1106 2696 Ξενοφῶντος

149 2706 248 2779 ἕνεκά
272 2705 406 2796 έστινή
435 2702 649 2798 Ἀλεξανδρός
672 2736 709 2778 τε
734 2710 791 2778 καὶ
820 2707 861 2779 τά
884 2706 1105 2800 Ἀλεξάνδρου

106 2836 135 2878 τε
150 2816 240 2899 ἔργα.
275 2816 383 2879 καίτοι
404 2803 618 2898 Ἀλέξανδρος
641 2809 720 2880 οὔτε
738 2809 801 2894 ξάν
818 2809 907 2904 ἀλλφ
927 2809 1140 2900 ε’στράτευ-ί

149 2932 220 2998 σεν,
238 2908 317 2980 οὔτε
330 2909 468 2999 φεύγων
485 2912 593 3000 μέγαν
609 2912 746 2998 βασιλέα
758 2911 837 2992 τούς
849 2915 893 3002 τῇ
909 2912 1047 3006 καθόδφ
1065 2917 1106 3003 τῇ

150 3013 206 3082 ἐπὶ
218 3011 390 3082 θάλατταν
405 3011 560 3101 ε’μποδών
576 3014 796 3101 γιγνομένους
816 3013 1009 3101 ἐκράτησεν·
1029 3009 1105 3083 ἀλλ’

149 3108 213 3184 οόκ
232 3121 320 3183 ἔστιν
338 3111 428 3194 ὅστις
446 3109 546 3194 ἀλλος
561 3109 609 3194 εἷς
628 3113 713 3203 ἀνήρ
731 3111 910 3202 τοσαύταή
927 3120 1108 3203 τηλικαῦτα

150 3221 233 3306 ἔργα
251 3213 334 3283 κατά
353 3220 485 3303 πλῆθος
505 3209 524 3302 ἢ
542 3217 685 3302 μέγεθος
704 3218 740 3283 έν
758 3212 953 3303 Ἕλλησινή
976 3215 1106 3305 βαρβά-
1211 3225 1213 3230 ’

110 3343 136 3386 ιο
150 3343 219 3402 ροις
243 3313 445 3397 ἀπεδείξατο.
483 3321 586 3385 ἔνθεν
610 3309 666 3384 καὶ
684 3314 785 3396 αάτός
809 3310 1005 3404 όρμηθήυαί
1025 3344 1109 3405 φημι

151 3421 185 3500 ές
211 3416 313 3506 τήνδε
338 3416 400 3504 τήν
423 3415 637 3506 ξυγγραφήν,
665 3415 728 3486 οὐκ
752 3414 940 3499 ἀπαξιώσας
964 3416 1108 3506 ἐμαυτόν

149 3517 281 3610 φανερά
299 3517 517 3606 καταστήσειν
541 3521 575 3600 ἐς
598 3516 802 3609 ἀνθρώπους
825 3516 865 3588 τά
886 3516 1107 3606 Ἀλεξάνδρου
