2678 3950
471 242 656 298 ινιειειε
673 247 700 308 ε,
718 247 757 298 ιε.
1034 243 1100 309 269

140 427 176 478 τε
205 402 263 472 καὶ
306 403 585 490 ἐπεργαζομένων.
639 397 658 471 ὃ
692 399 732 474 δὲ
764 399 849 472 κατά
885 403 1000 484 δίωξιν
1030 404 1132 472 τῶνε

140 503 337 592 φευγόντων
363 499 534 590 ἐκπέμψας
560 509 619 589 τῆς
645 507 798 590 στρατιάς
822 499 904 582 τούς
929 503 1097 591 κουφοτά-

139 632 232 692 τους,
259 601 335 674 ἐπεί
358 630 446 684 τινες
473 602 586 672 αύτῶν
613 603 884 692 ξυνελήφθησαν,
900 598 1100 692 Ιάποπέμπει

137 707 282 786 τούτους
309 706 399 795 παρά
424 702 504 784 τούς
523 703 657 790 άλλους,
676 703 903 794 ἐντειλάμενος
929 702 1101 774 ἐπανιέναι

109 810 370 896 εθαρροῦντας·
410 805 496 876 εἶναι
520 805 585 893 γάρ
603 802 718 885 αὐτοῖς
735 806 799 893 τήν
824 831 860 874 τε
877 805 976 875 πόλιν
994 811 1099 875 οἰκεῖν

139 907 185 988 άς
211 907 362 995 πρόσθεν
388 907 444 976 καὶ
468 904 531 994 τήν
557 906 670 996 χώραν
688 903 890 995 ἐργάζεσθαι.
916 907 974 976 καί
992 904 1100 976 ε’παν-

135 1014 245 1096 ήλθον
272 1013 308 1077 οί
331 1009 450 1077 πολλοὶ
476 1005 599 1076 αὐτῶν.

217 1108 328 1190 Αύτός
354 1109 392 1180 δὲ
413 1107 629 1197 Ἡφαιστίωνι
659 1109 845 1195 προστάξας
878 1116 1027 1197 τειχιζειν
1059 1102 1098 1177 ἒν
1111 1109 1150 1174 18

136 1225 208 1292 τοῖς
237 1210 405 1291 Πατάλοις
431 1209 539 1297 άκραν
574 1207 759 1298 ἀποπέμπει
790 1209 824 1290 ές
855 1209 918 1298 τήν
948 1207 1101 1299 άνυδρον

94 1338 123 1379 ιο
137 1316 197 1399 τῆς
215 1318 358 1400 πλησίον
375 1315 437 1398 γῆς
455 1309 584 1400 φρέατά
601 1337 637 1379 τε
654 1308 836 1400 ὀρύξαντας
854 1311 910 1379 καὶ
927 1309 1100 1398 οἰκήσιμον

135 1415 198 1500 τήν
215 1412 328 1502 χάραν
352 1411 673 1492 κατασκευάσοντας.
716 1411 773 1482 καὶ
791 1412 922 1491 τούτοις
939 1409 1100 1480 ἐπέθεντο

135 1519 208 1582 τῶν
234 1512 441 1602 προσχώρων
458 1513 546 1592 τινες
572 1512 772 1602 βαρβάρων,
798 1515 854 1582 καὶ
874 1518 943 1581 ἔστι
959 1511 1021 1599 μέν
1039 1508 1100 1592 οδς

137 1616 335 1702 διέφθειραν
361 1611 478 1682 αὐτῶν
496 1611 594 1700 άφνω
613 1612 872 1703 προσπεσόντες,
898 1611 1044 1692 πολλούς
1063 1612 1100 1682 δέ

136 1717 198 1786 καὶ
218 1716 316 1802 σφῶν
335 1713 561 1802 ἀποβαλόντες
576 1721 706 1802 ἔφυγον
719 1721 766 1794 είς
778 1715 841 1801 τὴν
860 1720 995 1803 ἔρημον,
1014 1713 1100 1782 άστε

95 1841 122 1883 ιε
137 1816 390 1904 ἐπιτελεσθῆναι
407 1830 476 1894 τοῖς
495 1813 717 1904 ἐκπεμφθεῖσι
733 1813 774 1882 τά
796 1819 887 1903 ἔργα,
914 1836 1099 1905 προσγενο-

136 1919 243 2007 μένης
269 1911 385 1996 αύτοῑς
411 1916 466 1985 καὶ
493 1915 596 2004 άλλης
622 1921 792 2006 στρατιάς,
818 1913 862 2002 ἣν
884 1915 1100 2005 Ἀλέξανδρος

135 2017 331 2106 πυθόμενος
362 2021 430 2086 τάν
461 2017 643 2110 βαρβάρων
674 2017 736 2106 τήν
770 2014 924 2097 ἐπίθεσιν
949 2016 1102 2087 ἐστάλκει

135 2121 340 2210 μεθέξοντας
365 2125 427 2188 τού
455 2125 565 2208 ἔργον.

215 2221 303 2308 Περὶ
329 2219 367 2290 δὲ
391 2235 462 2300 τοῖς
481 2219 646 2300 Πατάλοις
673 2227 814 2309 σχίζεται
838 2225 900 2288 τοῦ
924 2219 1033 2288 Ἰνδοῦ
1059 2241 1133 2288 τοι

96 2354 122 2392 ιο
135 2321 233 2411 ὕδωρ
272 2321 307 2402 ἐς
345 2319 407 2390 δύο
451 2319 622 2410 ποταμούς
667 2321 850 2408 μεγάλους·
902 2320 959 2388 καὶ
1009 2309 1101 2388 οὗτοι

135 2423 319 2512 άμφότεροι
337 2421 475 2504 σώζουσι
491 2427 554 2491 τοῦ
568 2420 677 2493 Ἰνδοῦ
693 2420 732 2489 τό
751 2419 856 2509 ὄνομα
881 2427 953 2490 ἕστε
971 2419 1027 2488 ἐπὶ
1039 2419 1101 2506 τήν

135 2525 332 2594 θάλασσαν·
365 2521 517 2590 ἐνταῦθα
533 2521 754 2610 ναύσταθμόν
771 2546 807 2590 τε
823 2522 881 2589 καὶ
897 2528 1101 2600 νεωσοίκους

137 2625 248 2694 ἐποίει
269 2622 502 2711 Ἀλέξανδρος·
539 2622 585 2704 ιάς
604 2621 642 2691 δέ
659 2621 929 2711 προύκεχωρήκει
946 2621 1041 2713 αύτῷ
1058 2621 1100 2690 τά

139 2734 233 2816 ἔργα,
260 2718 278 2793 ὁ
306 2723 343 2794 δέ
368 2731 551 2792 καταπλεῖν
569 2721 698 2794 ἐπενόει
717 2729 789 2792 έστε
807 2720 862 2792 ἐπὶ
880 2721 941 2811 τήν
958 2720 1106 2812 ἐκβολήν

99 2857 124 2896 ιε
138 2832 203 2897 τού
235 2824 273 2896 ἓν
309 2828 399 2914 δεξιᾷ
427 2825 562 2914 ῥέοντος
589 2829 741 2911 ποταμοά
768 2821 802 2904 ές
828 2822 890 2912 τήν
915 2824 1100 2894 θάλασσαν.

137 2926 332 2998 Λεοννάτον
357 2926 420 3015 μὲν
445 2926 499 3014 δή,
526 2924 609 3006 δούς
635 2925 726 3017 αύτῷ
753 2931 883 2994 τόντε
910 2925 1040 2995 ἱππέων
1068 2929 1134 3006 έςε

138 3037 269 3116 χιλίους
286 3028 344 3098 καὶ
361 3033 432 3097 τῶν
449 3024 597 3096 ὁπλιτῶν
614 3053 650 3096 τε
666 3028 723 3096 καὶ
737 3032 845 3109 ψιλῶν
864 3030 897 3107 ἐς
915 3024 1100 3114 ὀκτακισχι-

138 3138 247 3217 λίους,
274 3129 358 3199 κατά
384 3129 446 3217 τήν
471 3135 577 3218 νήσου
602 3129 643 3198 τά
663 3129 805 3200 Πάταλα
833 3130 991 3217 ἐκπέμπει
1007 3127 1100 3197 άντι-

140 3231 305 3318 παράγειν
321 3237 369 3322 τῷ
383 3229 507 3322 στόλῳ·
534 3229 636 3311 αύτός
650 3229 688 3299 δὲ
701 3228 761 3310 τάς
774 3229 916 3318 μάλιστα
929 3234 1000 3298 τῶν
1013 3235 1101 3298 νεών

98 3357 125 3396 ιο
138 3333 417 3417 ταχυναυτούσας
443 3330 625 3420 άναλαβδν
651 3329 727 3400 ὅσαι
752 3357 788 3400 τε
804 3329 950 3419 ἡμιόλιαι
966 3332 1023 3400 καὶ
1040 3331 1100 3410 τάς

142 3431 402 3521 τριακοντόρους
429 3433 538 3512 πάσας
561 3434 703 3502 καὶτῶν
720 3432 913 3520 κερκούρων
933 3437 1021 3500 ἔστιν
1039 3427 1100 3511 οὓς

141 3537 233 3600 ἔπλει
258 3533 342 3602 κατά
367 3533 428 3601 τόν
454 3534 604 3622 ποταμόν
621 3531 681 3601 τόν
700 3535 737 3602 ἐν
754 3533 854 3624 δεξιᾷ.
900 3530 964 3601 ούκ
992 3538 1135 3620 έχοντι4
