2590 3948
224 215 288 281 330
577 211 826 276 εεεεεκεεοτ

226 378 265 446 έν
285 377 347 444 τοῦ
358 374 549 462 Σεράπιδος
562 380 610 468 τῷ
625 379 704 467 ἱερῷ
719 374 884 448 Πείθωνά
895 401 933 444 τε
946 375 1205 464 ἐγκοιμηθέντα

225 477 282 548 καὶ
295 475 458 546 ’Ἀτταλον
475 477 532 546 καλ
552 479 769 564 Δημοφῶντα
790 478 848 545 καὶ
867 478 1081 564 Πευκέσταν,
1110 478 1204 566 πρὸς

226 577 265 647 ἀὲ
291 579 485 666 Κλεομένην
509 603 546 647 τε
571 579 627 646 καὶ
645 583 804 648 Μενίδαν
829 579 886 646 καὶ
915 580 1106 666 Σέλευκον,
1138 583 1203 648 ἐπ·

225 681 355 767 ερατᾶν
380 678 441 748 τόν
468 678 552 748 θεὸν
577 686 611 749 εἰ
635 684 726 770 λῷον
751 680 809 747 καλ
825 677 965 766 ἀμεινον
979 678 1201 773 Ἀλεξάνδρῳ

225 788 274 860 εἰς
298 778 337 848 τό
365 779 457 869 ἱερὸν
482 784 542 850 τοῦ
568 785 654 849 θεοῦ
671 779 874 868 κομισθέντα
891 781 949 849 καὶ
969 782 1222 855 λιιετεόσανται

223 879 475 972 θεραπεύεσθαι
499 879 583 968 πρός
600 886 663 950 τοῦ
679 883 781 950 θεοῦ·
820 882 879 950 καὶ
896 881 1057 967 γενέσθαι
1076 883 1200 970 φήμην

223 980 299 1052 τινά
326 985 363 1052 ἐκ
388 986 450 1050 τοῦ
476 985 562 1051 θεοῦ
580 982 625 1069 μῆ
642 989 835 1070 κομιζεσθαι
853 987 901 1062 εἰς
918 980 957 1050 τό
978 982 1084 1071 ἱερόν,
1115 977 1197 1052 ἀλλ’

192 1081 333 1160 ςαότοῦ
360 1083 496 1171 μένοντι
523 1089 657 1153 ἔσεσθαι
682 1082 831 1172 ἀμεινον.
882 1083 991 1152 ταῦτα’
1015 1110 1053 1154 τε
1080 1084 1199 1172 ἀπαγ-

225 1193 334 1272 γεῖλαι
370 1182 453 1264 τοός
492 1186 646 1272 ἑταίρους
679 1186 738 1254 καὶ
766 1183 989 1273 Ἀλέξανδρον
1023 1181 1068 1254 οά
1103 1185 1195 1256 πολό

225 1285 367 1376 ὕστερον
381 1283 583 1375 ἀποθανεῖν,
597 1283 642 1367 ὥς
655 1289 755 1356 τοῦτο
773 1285 839 1374 ἀρα
856 1285 919 1373 ῆδη
933 1281 974 1354 ὃν
986 1285 1026 1356 τό
1039 1285 1195 1375 ἄμεινον.
1209 1323 1227 1362 10

225 1386 266 1458 οό
286 1387 402 1475 πόρρω
420 1385 457 1456 δὲ
474 1387 605 1456 τούτων
618 1385 696 1457 οὔτε
706 1385 951 1479 Ἀριστοβούλῳ
965 1385 1046 1457 οότε
1061 1398 1197 1460 Πτολε·

225 1495 313 1582 μαίρι
347 1487 604 1576 ἀναγέγραπται.
657 1493 695 1558 ολ
723 1487 762 1557 δὲ
787 1489 845 1558 καὶ
871 1487 953 1557 ια’όε
978 1487 1196 1578 ἀνέγραψαν,

226 1593 361 1679 ἐρέσθαι
377 1588 440 1677 μὲν
457 1589 538 1670 τοός
557 1592 711 1679 ἑταίρους
729 1587 837 1658 αὐτόν
854 1587 922 1682 ότμ
935 1589 997 1676 τῆν
1013 1598 1198 1680 βασιλείαν

225 1691 412 1760 ἀπολείπει·
451 1690 512 1759 τόν
538 1690 576 1760 δὲ
598 1690 852 1780 ὑποκρίνασθαι
868 1688 921 1758 ότι
936 1695 986 1782 τῷ
1002 1702 1195 1786 κρατίστῳ·

225 1797 262 1862 ολ
279 1793 329 1879 δέ,
347 1802 547 1880 προσθεῖναι
573 1794 659 1882 πρός
684 1793 793 1885 τούτῳ
819 1797 868 1885 τῷ
894 1791 985 1885 λόγῳ
1003 1792 1057 1862 ότι
1083 1797 1223 1884 μέγανο

226 1892 400 1979 έπιτάφιον
426 1891 542 1976 ἀγῶνα
568 1892 632 1984 όρᾷ
660 1891 715 1982 ἐφ’
744 1893 836 1984 αὐτῷ
865 1893 1036 1981 ἐσόμενον.

175 2003 214 2068 27
303 1991 420 2062 Πολλοὶ
445 1993 483 2061 δὲ
506 1995 563 2063 καὶ
587 1994 674 2064 ἀλλα
701 1993 778 2064 olda
799 1994 1084 2084 ἀναγεγραμμένα
1104 1997 1195 2086 ὑπὲρ

224 2092 510 2181 ιῆςἈλεξάνόρου
523 2101 689 2184 τελευτῆς,
702 2098 759 2166 καὶ
772 2096 951 2184 φάρμακον
965 2095 1017 2164 ότι
1031 2101 1195 2188 ἐπέμφθη

225 2196 315 2286 παρὰ
330 2194 552 2285 Ἀντιπάτρου
568 2194 776 2289 Ἀλεξάνδρῳ
793 2199 852 2266 καὶ
871 2200 907 2266 ἐκ
924 2199 984 2266 τοό
1003 2203 1194 2287 φαρμάκον

225 2298 275 2368 ότι
292 2295 459 2366 ἀπέθανε·
491 2298 603 2368 καὶτὸ
621 2300 800 2389 φάρμακον
817 2297 868 2367 ότι
881 2297 1112 2388 Ἀριστοτέλης
1130 2303 1221 2389 μὲνει

221 2397 427 2491 Ἀντιπάτρῳ
443 2399 568 2488 ἐξεῦρε,
583 2399 740 2480 όεόοικιός
753 2399 817 2487 ῆόη
830 2398 1050 2487 Ἀλέξανδρον
1060 2410 1193 2472 Καλλι-

225 2503 371 2581 σθένους
397 2504 507 2588 ένεκα,
535 2500 734 2592 Κάσανδρος
760 2500 799 2570 δὲ
823 2499 843 2570 ό
863 2499 1085 2588 Ἀντιπάτρου
1116 2505 1193 2573 ἐκό·

225 2619 335 2692 μισεν·
376 2606 413 2670 οἱ
435 2602 473 2671 δὲ
499 2604 556 2672 καὶ
583 2600 634 2671 ὅτι
660 2607 697 2673 έν
713 2600 855 2690 ἡμιόνου
872 2601 960 2690 ὁπλῇ
981 2602 1118 2690 ἐκόμισε
1134 2607 1192 2674 καὶ

191 2710 324 2774 ετοότο
355 2701 562 2788 ἀνέγραψαν.
617 2708 740 2774 όοῦναι
772 2703 811 2772 δὲ
842 2701 926 2771 αὐτὸ
958 2701 1092 2773 Ἰόλλαν
1127 2705 1190 2775 τόν

224 2803 375 2891 ἀδελφόν
399 2809 461 2872 τοῦ
479 2803 685 2895 Κασάνόρου
711 2804 772 2874 τόν
794 2802 975 2890 νειότερον·
1016 2803 1107 2876 εἶναι
1124 2809 1218 2896 γάρα

224 2904 379 2992 οἰνοχόον
391 2907 563 2992 βασιλικὸν
576 2906 636 2976 τόν
645 2907 776 2977 Ἰόλλαν
789 2913 851 2975 καί
860 2931 892 2974 τι
904 2907 961 2975 καὶ
975 2914 1189 2994 λελυπῆσθαι

224 3009 308 3097 πρὸς
322 3005 543 3096 Ἀλεξάνδρον
568 3005 672 3100 ὀλίγῳ
696 3007 848 3096 πρόσθεν
865 3011 923 3094 τῆς
940 3011 1115 3096 τελευτῆς·
1156 3015 1190 3080 οἱ

225 3109 263 3178 δὲ
280 3109 337 3178 καὶ
351 3107 487 3193 Μήδιον
509 3125 687 3197 μετασχεῖν
711 3113 772 3177 τοῦ
802 3113 915 3197 ἔργον,
942 3108 1087 3198 ἐραστῆν
1106 3108 1187 3181 ὄντα

223 3216 284 3279 τοῦ
312 3208 433 3280 Ἰόλλα·
477 3213 535 3280 καὶ
568 3209 674 3280 αὐτόν
706 3210 771 3298 γάρ
804 3207 891 3278 εἶναι
916 3208 977 3280 τόν
1003 3212 1187 3301 εἰσηγητὴν
1251 3255 1252 3262 1

223 3313 408 3399 γενόμενον
420 3308 622 3408 Ἀλεξάνδρῳ
647 3317 710 3380 τοῦ
728 3311 861 3398 κιόμου“
890 3307 1020 3400 όόόνῆν
1037 3339 1074 3381 τε
1092 3314 1215 3406 αότῷιι

226 3414 280 3479 ἐπὶ
306 3416 348 3497 τῆ
374 3407 484 3479 κύλικι
510 3415 669 3496 γενέσθαι
694 3409 818 3499 ὀξεῖαν,
844 3411 901 3480 καὶ
928 3414 983 3481 ἐπὶ
1006 3415 1049 3501 τῇ
1077 3410 1185 3506 ὀθόνη

192 3528 208 3576 ο
226 3508 458 3594 ἀπαλλαγῆναι
476 3513 512 3580 ἐκ
529 3515 589 3581 τοῦ
608 3509 722 3580 πότου.
749 3511 811 3601 ἤδη
830 3515 871 3582 δέ
883 3537 932 3592 τις
950 3511 1014 3581 οόκ
1028 3511 1187 3606 ᾐσχύνθη
