2678 3950
220 252 283 318 206
574 250 824 310 ΔΛΕΞΔΝΔΡΟΤ

221 409 322 492 ὅσους
347 438 387 498 γε
413 411 454 499 δή
479 410 694 499 Ἀλέξανδρος
721 410 786 492 ξύν
809 413 852 499 τή
880 416 1015 500 στρατιᾷ
1043 413 1183 500 έπήλθε,

222 511 369 593 πολλούς
402 512 441 582 δέ
474 515 618 599 ἐπῆλθε,
651 512 708 580 καὶ
740 509 857 599 ήκιστα
887 517 1070 598 χλιδῶντας
1095 514 1181 581 κατά

222 613 283 700 τήν
309 619 454 683 δίαιταν·
505 610 591 682 ἀλλά
617 613 784 701 μεγάλους
817 612 858 680 τά
894 614 1048 700 σῶματα,
1084 619 1180 694 οἴους

222 722 402 802 μεγίστους
427 719 496 784 τῶν
521 714 604 783 κατά
631 711 694 802 τήν
708 711 833 803 Ἀσίαν,
854 714 1077 801 ,πενταπήχεις
1102 715 1182 794 τοὺς

224 815 370 895 πολλούς
402 811 424 903 ή
450 811 568 900 όλίγον
599 813 821 895 ἀποδέοντας·
874 816 932 884 καὶ
957 816 1181 906 μελαντέρους
1208 839 1222 880 ε

224 919 292 984 τῶν
323 914 434 985 ἄλλων
466 913 673 1005 ἀνθρῶπων,
710 915 798 1002 πλήν
824 915 1012 1006 Αἰθιόπων,
1045 917 1102 984 καὶ
1140 915 1182 985 τά

224 1017 363 1104 πολέμια
394 1015 482 1086 πολύ
513 1043 545 1086 τι
576 1018 834 1103 γενναιοτάτους
865 1020 932 1086 τῶν
963 1044 1001 1103 γε
1033 1018 1075 1106 δή
1107 1017 1183 1087 τότε

191 1121 370 1187 δέποίκων
395 1121 454 1206 τής
476 1117 597 1198 Ἀσίας.
643 1118 682 1188 τό
710 1117 777 1206 γάρ
804 1121 947 1204 Περσῶν
973 1123 1040 1186 τῶν
1066 1117 1180 1208 πάλαι,

224 1219 288 1300 ξύν
312 1214 365 1299 οἷς
390 1217 550 1308 ὁρμηθείς
576 1221 692 1308 Κύρος
718 1216 736 1286 ὁ
763 1218 949 1308 Καμβύσου
976 1219 1121 1307 Μήδους
1146 1245 1182 1288 τε

224 1318 286 1408 τήν
312 1318 421 1411 ἀρχήν
446 1326 506 1408 τής
521 1319 632 1400 Ἀσίας
658 1318 816 1408 ἀφείλετο
842 1322 899 1388 καὶ
926 1318 1011 1388 ἀλλα
1039 1327 1121 1409 ἔθνη
1139 1319 1180 1389 τά
1195 1344 1222 1384 ιο

224 1420 287 1510 μέν
310 1424 563 1511 κατεστρέψατο,
589 1419 630 1489 τά
650 1420 689 1490 δὲ
707 1421 992 1509 προσχωρήσαντά
1010 1426 1046 1490 οί
1063 1422 1181 1491 ἑκόντα

224 1523 394 1610 κατέσχεν,
413 1522 474 1592 ούκ
493 1527 557 1608 έχω
575 1516 719 1608 ἀτρεκῶς
738 1518 783 1601 ῶς
800 1549 838 1608 γε
851 1520 894 1608 δή
912 1521 995 1612 πρὸς
1009 1521 1049 1590 τά
1065 1522 1182 1592 Ἰνδῶν

225 1626 419 1712 ξυμβαλεῖν.
471 1625 528 1692 καὶ
554 1623 620 1711 γάρ
646 1625 704 1692 καί
731 1625 860 1710 Πέρσαι
883 1622 958 1692 τότε
983 1624 1121 1710 πένητές
1146 1650 1182 1693 τε

224 1717 311 1812 ήσαν
343 1726 400 1792 καὶ
426 1723 538 1812 χῶρας
563 1732 718 1810 τραχείας
751 1722 935 1813 οἰκήτορες,
967 1726 1025 1793 καὶ
1056 1724 1182 1812 νόμιμά

226 1846 339 1912 σφισιν
348 1816 390 1910 ἦν
404 1819 459 1894 ola
474 1824 647 1911 ἐγγυτάτω
660 1823 798 1914 εἷναιτή
807 1831 987 1913 Λακωνικῇ
1001 1827 1179 1894 παιδεύσει.
1194 1845 1221 1886 1⁵

226 1927 263 1994 τὸ
283 1925 321 1993 δὲ
336 1927 468 2013 τραῦμα
485 1927 522 1993 τδ
541 1925 724 2014 γενόμενον
746 1927 892 2015 Πέρσαις
911 1928 947 1995 ἐν
965 1930 1005 2016 τή
1025 1930 1180 2016 Σκυθική

225 2030 269 2115 γή
285 2023 366 2096 οὐδὲ
379 2031 480 2094 τούτο
490 2031 554 2113 έχω
565 2025 712 2116 ἀτρεκῶς
726 2029 906 2115 ξυμβαλεῖν
917 2027 1038 2116 πότερα
1048 2033 1181 2114 δυσχω-

227 2134 314 2215 ρίαις
347 2129 595 2213 ξυνενεχθεῖσιν
626 2125 647 2214 ή
680 2155 744 2196 τινι
775 2126 861 2216 άλλη
890 2127 1009 2216 Κύρου
1035 2122 1181 2220 ἀμαρτίμ

227 2231 350 2317 ξυνέβη
368 2224 388 2316 ή
408 2231 560 2298 Σκυθῶν
585 2254 624 2315 γε
640 2231 710 2297 τῶν
735 2227 840 2318 ταύτῃ
867 2237 1007 2308 κακίους
1022 2229 1062 2296 τά
1080 2231 1181 2298 πολέ-

225 2359 283 2419 μια
309 2331 437 2416 Πέρσαι
462 2321 557 2414 ἦσαν.
1194 2359 1220 2398 ιο

191 2431 211 2495 5
297 2427 390 2501 Ἀλλ’
430 2429 518 2518 ὑπὲρ
546 2429 665 2501 Ἰνδῶν
698 2433 770 2521 ίδία
801 2457 856 2518 μοι
887 2430 1089 2519 γεγράψεται
1121 2428 1182 2500 ὅσα

226 2532 405 2601 πιστότατα
432 2534 465 2611 ίς
491 2530 659 2619 ἀφήγησιν
676 2536 712 2600 οί
726 2558 763 2600 τε
780 2529 843 2612 ξύν
854 2528 1063 2624 Ἀλεξάνδρῳ
1081 2552 1180 2621 στρα-

225 2633 401 2712 τεύσαντες
414 2633 470 2700 καὶ
483 2630 501 2700 ό
514 2632 772 2720 ἐκπεριπλεύσας
785 2636 843 2720 της
856 2633 1001 2722 μεγάλης
1010 2634 1181 2721 θαλάσσης

227 2734 264 2801 τὸ
292 2732 364 2801 κατ’
383 2731 514 2813 Ἰνδούς
532 2735 695 2824 Νέαρχος,
724 2734 779 2802 ἐπὶ
804 2733 842 2802 δὲ
869 2730 931 2802 ὅσα
957 2736 1182 2821 Μεγασθένης

227 2860 262 2903 τε
279 2835 336 2902 καὶ
350 2833 604 2923 Ἐρατοσθένης,
630 2840 756 2922 δοκίμω
773 2832 887 2924 ἀνδρε,
914 2835 1182 2924 ξυνεγραψάτην,
1193 2859 1218 2902 ιε

227 2935 285 3003 καὶ
309 2934 433 3022 νόμιμα
464 2934 548 3004 ἀττα
570 2935 689 3014 Ἰνδοῖς
716 2937 784 3002 έστι
808 2935 863 3002 καὶ
894 2939 925 3003 εί
949 2935 993 3022 δή
1018 2963 1092 3004 τινα
1116 2939 1182 3028 ζῷα

228 3034 336 3105 ἄτοπα
367 3030 493 3106 αύτόθι
525 3033 646 3124 φύεται
676 3035 733 3102 καὶ
765 3032 825 3103 τόν
852 3034 1053 3123 παράπλουν
1079 3036 1182 3106 αὐτὸν

196 3156 212 3204 2
229 3139 286 3224 τῆς
314 3136 376 3217 ἔξω
392 3139 575 3225 θαλάσσης.
609 3140 676 3204 νύν
693 3133 732 3204 δὲ
749 3131 831 3205 ὅσον
849 3139 883 3216 ές
908 3136 948 3204 τά
962 3136 1183 3226 Ἀλεξάνδρου

230 3244 310 3325 ἔργα
329 3236 490 3328 ἀποχρῶν
509 3241 674 3326 ἐφαίνετο,
692 3236 831 3306 τοσόνδε
847 3263 904 3324 μοι
916 3236 1181 3326 ἀναγεγράφθω·

227 3339 286 3409 τὸν
318 3342 454 3428 Ταῦρον
478 3341 516 3408 τὸ
543 3337 619 3428 ὅρος
646 3336 819 3425 ἀπείργειν
840 3336 900 3426 τήν
924 3336 1050 3428 Ἀσίαν,
1078 3337 1217 3427 ἀρχό-ω

226 3466 328 3529 μενον
345 3438 408 3528 μὲν
425 3439 492 3508 ἀπὸ
510 3439 677 3527 Μυκάλης
693 3441 753 3507 τοῦ
771 3436 969 3528 καταντικρύ
987 3439 1107 3527 Σάμου
1125 3445 1183 3526 τῆς

226 3541 332 3629 νήσου
359 3538 473 3630 ὄρους,
498 3539 770 3629 ἀποτεμνόμενον
788 3537 826 3609 δέ
849 3538 910 3629 τήν
926 3566 963 3609 τε
982 3541 1182 3628 Παμφύλων
