2678 3950
239 233 302 299 255
594 227 845 288 ικυωιυιεοω

241 393 303 481 τὴν
321 391 429 478 ἀκραν
448 392 668 478 ξυνέφευγον.
699 387 917 479 Ἀλέξανδρος
935 388 996 477 μὲν
1014 381 1078 459 οὑν
1096 390 1152 458 καί
1171 393 1211 460 οἱ
1316 435 1317 450 ι

242 491 325 583 ἀμφ’
354 490 460 562 αὑτόν
487 496 616 561 πυλίδα
642 491 716 560 τινά
741 497 999 577 κατασχίσαντες
1025 497 1206 579 παρῆλθον

206 601 292 674 νείς
318 591 380 682 τὴν
406 593 505 662 πόλιν
531 593 618 661 πολὺ
645 590 710 679 πρὸ
737 595 806 661 τῶν
832 591 961 661 ἀλλων·
994 596 1029 661 οί
1052 591 1090 661 δέ
1116 589 1205 680 ὁμοῦ
1233 587 1237 592 ’

242 699 418 785 Περδίκκᾳ
430 695 624 781 τεταγμένοι
635 690 824 781 ὑστέρησαν
842 691 1105 782 ὑπερβαίνοντες
1119 692 1203 761 κατὰ

240 795 281 866 τά
299 803 390 884 τείχη
409 794 471 864 οὑκ
490 792 650 882 εύπετῶς,
677 791 759 862 ου’δέ
776 791 835 874 τάς
853 802 1017 881 κλίμακας
1035 797 1070 862 οί
1085 794 1232 863 πολλοὶε

241 897 356 966 αὑτῶν
389 898 567 985 φέροντες,
599 893 649 963 ὅτι
681 897 861 964 ἑαλωκέναι
892 894 1009 975 αὑτοῖς
1042 891 1151 964 ἐδόκει.
1182 892 1204 980 ἡ

242 996 349 1084 πόλις,
377 996 423 1077 ῶς
449 994 662 1084 ἐρημούμενα
685 1001 754 1065 τῶν
772 996 1036 1084 προμαχομένων
1053 995 1094 1064 τά
1112 1003 1203 1084 τείχη

241 1102 407 1167 κατείδον.
453 1091 500 1177 ῶς
527 1095 566 1165 δέ
591 1091 612 1182 ἡ
639 1095 727 1187 ἀκρα
754 1096 894 1185 ἐχομένη
913 1097 997 1186 πρὸς
1015 1101 1084 1165 τῶν
1103 1106 1203 1166 πολε-

242 1207 330 1287 μίων
356 1198 413 1266 καὶ
440 1199 506 1286 πρὸ
532 1197 660 1284 ταύτης
685 1199 880 1286 τεταγμένοι
898 1205 947 1279 είς
964 1197 1003 1266 τό
1030 1193 1203 1286 ἀπομάχε-

242 1310 324 1370 σθαι
349 1301 466 1368 πολλοὶ
498 1296 691 1386 ε’φάνησαν,
727 1297 879 1368 ε’νταύθα
905 1297 947 1385 δὴ
982 1302 1019 1367 οί
1043 1299 1105 1387 μέν
1135 1297 1204 1368 ὑπ·
1217 1323 1244 1364 ιο

242 1401 448 1491 ορύσσοντες
466 1398 503 1468 τό
521 1413 641 1486 τείχος,
660 1403 696 1467 οί
713 1398 752 1468 δὲ
769 1400 949 1488 προσθέσει
967 1397 1033 1488 ὅπη
1052 1407 1206 1489 παρείκοι

241 1503 313 1571 τῶν
338 1499 508 1589 κλιμάκων
534 1499 717 1588 βιάσασθαι
734 1499 916 1590 ἐπειρῶντο
934 1509 984 1580 είς
1001 1501 1064 1588 τὴν
1082 1499 1202 1590 ἄκραν.

210 1602 461 1690 3Ἇλέξανδρος
487 1602 537 1688 δέ,
565 1598 610 1681 ῶς
639 1600 816 1688 βλακεύειν
846 1599 942 1694 αὑτῷ
967 1599 1111 1671 ἐδόκουν
1135 1607 1205 1672 τῶν

246 1703 460 1774 Μακεδόνων
495 1707 531 1770 οί
564 1703 723 1791 φέροντες
748 1701 809 1783 τάς
835 1712 1018 1792 κλίμακας,
1050 1700 1204 1792 ἀρπάσας

244 1810 391 1892 κλίμακα
418 1802 494 1882 ἑνός
520 1807 590 1871 τῶν
617 1803 792 1891 φερόντων
818 1805 1008 1892 προσέθηκε
1032 1810 1079 1896 τῷ
1106 1811 1206 1890 τείχει
1219 1829 1242 1869 ιε

248 1904 352 1983 αὑτὸς
377 1903 434 1971 καὶ
461 1905 610 1991 εἰληθεὶς
636 1902 703 1972 ὑπὸ
730 1906 774 1993 τῇ
791 1903 908 1974 ἀσπίδι
926 1902 1117 1994 ἀνέβαινεν·
1150 1903 1205 1973 ἐπὶ

244 2005 283 2074 δέ
309 2003 403 2096 αὑτῷ
423 2005 615 2084 Πευκέστας
633 2002 651 2072 ὁ
669 2003 731 2090 τὴν
750 2003 846 2092 ίεράν
863 2005 991 2076 ἀσπίδα
1009 2008 1134 2095 φέρων,
1160 2001 1205 2093 ἣν

246 2105 284 2175 ἐκ
309 2108 369 2174 τοῦ
398 2103 464 2173 νεῶ
482 2110 540 2191 τῆς
556 2103 701 2192 Ἀθηνᾶς
726 2111 784 2192 τῆς
798 2105 936 2186 Ἰλιάδος
955 2106 1070 2196 λαβῶν
1087 2105 1155 2195 ἅμα
1173 2102 1210 2176 οἱ

247 2205 337 2293 εἶχεν
361 2203 580 2294 Ἀλέξανδρος
606 2206 662 2274 καὶ
688 2205 753 2294 πρό
780 2205 885 2276 αὑτοῦ
912 2204 1049 2295 ε’φέρετο
1076 2205 1114 2277 έν
1130 2223 1206 2288 ταῖς

247 2308 382 2396 μάχαις·
427 2305 482 2376 ἐπὶ
509 2306 548 2375 δὲ
570 2306 681 2399 τούτῳ
699 2307 887 2388 Λεοννάτος
912 2307 1009 2398 ἀνῄει
1033 2307 1116 2378 κατά
1143 2308 1243 2396 τήννο

247 2407 357 2496 αύτηυ
389 2417 534 2496 κλίμακα
567 2407 585 2476 ὑ
620 2408 879 2496 σωματοφύλαξ·
924 2408 1008 2478 κατά
1035 2409 1074 2479 δέ
1099 2409 1205 2499 ἀλλην

247 2505 395 2598 κλίμακα
409 2508 546 2596 Ἀβρέας
563 2513 632 2577 τῶν
650 2512 841 2598 διμοιριτῶν
854 2537 902 2590 τις
920 2512 1204 2600 στρατευομένων.

211 2609 312 2698 έῆδη
344 2637 381 2679 τε
412 2610 496 2700 πρὸς
528 2611 573 2698 τῇ
599 2608 732 2691 ε’πάλξει
757 2613 816 2679 τοὺ
843 2619 976 2698 τείχους
1002 2610 1020 2680 ὁ
1046 2611 1205 2700 βασιλεύς

246 2704 363 2798 ἦνκαὶ
385 2709 515 2798 ε’ρείσας
538 2709 592 2780 ἐπ’
613 2710 702 2799 αὑτῇ
720 2709 781 2799 τὴν
799 2711 927 2782 ἀσπίδα
944 2711 1025 2792 τούς
1041 2712 1104 2801 μέν
1123 2711 1204 2782 ῶθει

248 2822 327 2881 είσω
353 2817 416 2880 τοὺ
441 2819 573 2899 τείχους
598 2817 666 2880 τῶν
689 2811 818 2900 Ἰνδῶν,
844 2812 927 2894 τούς
953 2813 992 2882 δέ
1016 2815 1073 2882 καὶ
1097 2815 1245 2884 αὑτοῶει

247 2918 296 3004 τῷ
323 2914 412 2999 ξίφει
437 2911 638 2992 ἀποκτείνας
663 2915 873 3001 χεχυμνῶκει
898 2913 936 2982 τὸ
953 2913 1060 3005 ταύτη
1078 2931 1202 3003 τεῖχος·

245 3015 303 3082 καὶ
331 3018 367 3082 οί
389 3011 596 3082 ὑπασπισταὶ
622 3009 812 3102 ὑπέρφοβοι
837 3016 1012 3103 γευόμενοι
1037 3013 1124 3106 ὑπὲρ
1142 3018 1203 3085 τοῦ

244 3115 408 3204 βασιλέως
435 3119 570 3202 σπουδῇ
599 3111 791 3202 ὠθούμενοι
816 3115 900 3184 κατά
924 3116 987 3205 τὴν
1004 3113 1111 3204 αὑτὴν
1128 3124 1203 3187 κλί-

245 3241 335 3304 μακα
362 3222 600 3303 συντρίβουσιν
627 3213 746 3303 αὑτήν,
781 3215 867 3286 ῶστε
899 3223 934 3287 οί
961 3216 1025 3306 μέν
1050 3216 1115 3306 ἤδη
1140 3215 1204 3288 ἀν-

246 3315 355 3396 ιόντες
382 3309 498 3385 αὑτῶν
523 3315 614 3384 κάτω
644 3322 776 3405 ἔπεσον,
802 3332 872 3398 τοῖς
890 3317 928 3388 δέ
946 3317 1058 3400 ἀλλοις
1076 3317 1204 3409 ἀπορον
1218 3344 1246 3386 ω

246 3415 409 3504 ἐποίησαν
435 3418 495 3504 τὴν
522 3415 654 3487 ἄνοδον.

212 3535 229 3585 ο
321 3517 539 3609 Ἀλέξανδρος
566 3518 603 3588 δέ
623 3511 669 3600 ῶς
687 3517 743 3589 ἐπὶ
761 3525 823 3589 τοὺ
841 3525 973 3608 τείχους
987 3516 1071 3602 ’στάς
1095 3519 1210 3615 κύκλφ
