2678 3950
510 217 690 270 ΑΝΑΒΑΣιΣ
708 221 732 281 4,
750 221 791 270 νο.
1071 216 1129 282 197

175 401 291 462 μενος,
317 374 436 462 πέμπει
460 375 549 462 παρά
569 383 777 462 Πτολεμαῖον
800 377 858 463 τῆς
881 373 1004 456 νυκτός
1022 375 1131 462 γράμ-

175 503 262 564 ματα
288 477 433 563 φέροντα
460 476 521 544 τόν
544 474 663 562 Ἰνδόν,
691 480 748 545 ἵνα
773 479 969 564 ἐγέγραπτο,
997 477 1131 546 ἐπειδάν

176 576 278 656 αὐτὸς
305 577 481 666 προσβάλῃ
515 581 556 666 τῇ
588 579 712 667 πέτρη,
745 576 805 645 τὸν
837 577 875 646 δέ
910 579 1034 648 ἐπιέναι
1059 593 1130 657 τοῖς

176 677 357 767 βαρβάροις
383 677 466 746 κατὰ
492 676 530 746 τό
559 675 657 767 ὄρος,
684 677 766 766 μηδὲ
784 677 921 765 ἀγαπᾶν
939 681 976 747 ἐν
993 683 1131 768 φυλακή

151 785 297 865 τέχοντα
321 777 359 847 τό
386 785 523 866 χωρίον,
558 775 603 859 ἀς
636 776 876 867 ἀμφοτέρωθεν
903 781 1132 868 βαλλομένους

176 881 257 960 τοδς
272 878 402 960 Ἰνδούς
421 878 630 968 ἀμφιβόλους
647 887 833 966 γίγνεσθαι.
869 883 926 950 καὶ
945 879 1047 961 αότός
1065 877 1132 968 ἀμα
1150 895 1165 944 ο

176 987 217 1070 τῇ
244 979 351 1070 ήμέρηι
378 979 462 1067 ἀρας
488 983 524 1048 ἐκ
550 985 610 1049 τοῦ
638 983 863 1070 στρατοπέδου
894 984 1042 1070 προσῆγε
1066 981 1132 1068 τήν

142 1133 156 1160 .
178 1082 338 1169 στρατιάν
361 1080 444 1149 κατά
461 1080 524 1167 τήν
544 1081 732 1170 πρόσβασιν
750 1072 772 1169 ή
791 1090 997 1170 Πτολεμαῖος
1015 1082 1133 1152 λαθών

178 1182 301 1270 ἀνέβη,
326 1181 464 1270 γνιόμην
483 1182 682 1269 ποιεόμενος
701 1179 745 1262 ἀς
763 1189 795 1252 εί
810 1183 916 1271 ταότη
934 1182 1133 1271 βιασόμενος

141 1311 165 1350 ιο
178 1285 330 1372 ξυμμίξει
362 1298 433 1364 τοῖς
466 1282 552 1372 ἀμφὶ
578 1293 806 1372 Πτολεμαῖον,
839 1283 880 1352 οό
907 1283 1052 1370 χαλεπόν
1087 1289 1134 1352 ἔτι

181 1383 340 1471 ἐσόμενον
358 1383 449 1476 αὐτῷ
466 1381 504 1452 τό
523 1391 632 1473 ἔργον.
685 1387 741 1454 καὶ
759 1385 881 1472 ξυνέβη
899 1383 1016 1464 οὕτως.
1062 1391 1167 1454 έστεο

178 1485 239 1572 μὲν
264 1483 329 1573 γάρ
355 1487 410 1553 έπλ
434 1492 642 1574 μεσημβρίαν
668 1484 868 1572 ξυνειστήκει
885 1484 1027 1574 καρτερά
1045 1485 1133 1573 μάχη

178 1601 247 1664 τοῖς
273 1613 308 1654 τε
330 1583 449 1664 Ἰνδοῖς
475 1589 532 1655 καὶ
558 1601 628 1666 τοῖς
656 1586 862 1674 Μακεδόσιν,
894 1591 970 1654 τόν
988 1586 1050 1674 μὲν
1077 1589 1132 1655 έκ-

179 1688 384 1774 βιαζομέυων
412 1690 445 1766 ἐς
471 1687 533 1772 τήν
559 1687 759 1775 πρόσβασιν,
785 1692 854 1755 τῶν
878 1685 1133 1776 δλβαλλόντων

142 1815 167 1854 ιο
180 1787 351 1868 ἀνιόντας·
373 1784 418 1868 ἀς
435 1787 473 1856 δέ
486 1785 550 1856 οόκ
560 1786 699 1858 ἀνίεσαν
709 1793 745 1857 οί
751 1787 960 1876 Μακεδόνες,
974 1787 1068 1857 ἀλλον
1079 1787 1131 1857 ἐπ’

179 1887 290 1968 ἀλλοις
310 1889 467 1979 ἐπιόντες,
486 1893 523 1958 οί
537 1889 575 1957 δὲ
593 1889 743 1979 πρόσθεν
759 1887 1021 1978 ἀναπαυόμενοι,
1038 1887 1134 1976 μόγις

181 1991 222 2077 δὴ
232 1987 319 2077 ἀμφὶ
330 1997 445 2078 δείλην
457 1991 641 2079 ἐκρότησαν
654 1995 713 2077 τῆς
723 1990 875 2079 παρόδου
889 1991 946 2058 καὶ
956 1989 1133 2078 ξυνέμιξαν

181 2107 251 2171 τοῖς
269 2091 332 2172 ξόν
350 2099 560 2183 Πτολεμαίῳ.
597 2096 728 2162 ἐκεῖθεν
743 2092 780 2161 δὲ
795 2089 881 2180 ὁμοῦ
895 2089 958 2178 ήδη
971 2092 1133 2179 γενομένη

180 2191 356 2280 ήστρατιά
384 2194 475 2260 πᾶσα
502 2192 640 2280 ἐπήγετο
667 2184 769 2273 αὖθις
796 2191 842 2272 οδς
869 2191 921 2261 ἐπ’
941 2189 1050 2278 αὐτὴν
1073 2191 1133 2278 τήν

141 2319 167 2358 αο
181 2293 323 2380 πέτραν·
356 2292 440 2361 ἀλλά
458 2291 524 2382 γάρ
542 2299 589 2361 ἐτι
606 2291 730 2382 ἀπορος
747 2286 790 2381 ήν
809 2291 895 2382 αὐτῇ
913 2291 934 2379 ή
952 2292 1131 2382 προσβολή.

180 2394 287 2481 ταότη
312 2393 374 2480 μὲν
398 2392 440 2480 δή
463 2396 504 2482 τῇ
531 2393 637 2484 ήμέρηι
666 2401 767 2463 τοόιο
792 2392 829 2462 τό
855 2396 948 2473 τέλος
974 2402 1131 2482 γίγνεται.

253 2493 332 2564 Ὑπὸ
360 2494 398 2564 δέ
421 2492 485 2580 τήν
503 2497 547 2563 ἕω
565 2497 785 2583 παραγγέλλει
804 2494 987 2583 στρατιότη
1008 2493 1166 2586 έκάστηοτ

180 2593 315 2664 κόπτειν
342 2596 490 2684 χάρακας
524 2593 642 2665 ἑκατόν
673 2594 744 2663 κατ’
783 2593 902 2683 ἄνδρα.
951 2597 1008 2663 καὶ
1042 2584 1134 2664 οὗτοι

181 2697 377 2784 κεκομμένοι
410 2687 495 2783 ήσαν
530 2697 585 2764 καὶ
620 2693 724 2776 αότός
758 2696 926 2783 ἐχώννυεν
952 2694 1135 2784 ἀρξόμενος

142 2821 167 2861 ιε
181 2795 247 2866 ἀπὸ
272 2803 330 2884 τής
348 2799 500 2886 κορυφῆς
518 2799 578 2865 τοῦ
597 2796 706 2884 λόφου
723 2799 781 2866 ίνα
800 2796 1134 2886 ἐστρατοπεδευκότες

180 2890 266 2985 ἦσαν
295 2897 340 2979 ἀς
365 2900 420 2968 ἐπὶ
444 2897 506 2984 τήν
524 2898 649 2984 πέτραν
671 2901 765 2986 χῶμα
783 2899 878 2988 μέγα,
899 2905 999 2967 ἐνθεν
1016 2894 1132 2978 τοξεό·

181 2999 269 3086 ματά
302 3027 337 3068 τε
372 2995 414 3068 ἀν
451 3002 651 3080 ἐξικνεῖσθαι
686 3003 720 3080 ἐς
746 2997 827 3078 τοδς
859 3001 1134 3088 προμαχομένους

182 3101 310 3169 δυνατά
338 3099 430 3190 αὐτῷ
453 3103 608 3187 ἐφαίνετο
630 3101 687 3168 καὶ
703 3097 769 3169 ἀπό
785 3105 944 3188 μηχανῶν
958 3101 1038 3188 βέλη
1054 3097 1133 3187 ἀφι-

183 3202 297 3288 έμενα·
325 3203 381 3269 καί
403 3201 574 3288 ἐχεόννυον
596 3199 689 3292 αὐτῷ
716 3203 782 3281 πάς
811 3227 860 3280 τις
887 3199 1134 3288 ἀντιλαμβανό-

143 3333 168 3373 ιο
181 3329 280 3389 μενος
301 3304 361 3370 τοῦ
380 3307 496 3390 ἐργου·
515 3305 572 3370 καί
596 3300 699 3382 αότδς
724 3301 907 3390 ἐφειστήκει
929 3301 1051 3388 θεατής
1077 3301 1134 3369 καὶ

184 3403 354 3490 ἐπαινέτης
378 3406 438 3471 τοῦ
462 3401 524 3481 ξύν
548 3410 721 3492 προθυμίᾳ
751 3403 1005 3490 περαινομένου,
1031 3410 1131 3470 κολα·

183 3504 261 3590 στής
289 3503 326 3572 δέ
353 3506 413 3571 τοῦ
442 3505 478 3571 ἐν
504 3507 550 3594 τῷ
578 3507 779 3592 παραχρῆμα
807 3505 973 3583 ἐκλιποῦς.
