2664 3946
229 255 272 322 86
582 251 833 313 εκεεεεκεον

229 397 418 486 εὐφλέκτου
440 395 666 485 ἐμπλήσαντες
692 393 757 464 δύο
791 394 906 475 ίστοῦς
925 395 981 464 ἐπὶ
1004 395 1047 484 τή
1067 393 1189 486 πρῴρᾳ

229 496 506 586 καταπηγνύουσι
528 499 585 566 καὶ
617 495 656 565 ἐν
688 496 805 588 κύκλῳ
836 496 1123 621 περιφράσσουσιν
1155 498 1189 576 ἐς

226 599 312 684 Ιὅσον
334 599 561 689 μακρότατον,
580 597 626 678 ῦς
650 597 803 688 φορυτόν
825 624 861 668 τε
877 597 987 687 ταύτη
1006 600 1063 666 καὶ
1081 601 1189 688 δᾷδας

230 699 311 782 ὅσας
335 709 492 780 πλείστας
522 701 697 781 δέξασθαι
726 698 811 789 πρὸς
841 698 950 769 δέπί
935 707 1035 768 ίσσαν
1065 725 1101 768 τε
1130 699 1189 767 κοιλ

229 815 327 874 θεῖον
356 799 463 872 καλ“
445 821 507 872 οσα
533 800 620 871 άλλα
652 803 685 880 ἐς
715 800 754 870 τό
782 799 1013 888 παρακαλέσαι
1039 800 1227 888 μεγάληυε

195 904 343 992 κφλόγα
366 901 422 972 ἐπὶ
445 903 551 993 ταύτη
577 901 801 991 ἐπεφόρησαν.
837 901 1036 992 παρέτειναν
1065 902 1103 972 δέ
1131 903 1189 970 καὶ

229 1013 369 1132 κερμίον
382 1009 504 1092 όιπλήν
522 1003 579 1074 ἐπὶ
596 1020 668 1084 τοῖς
689 1010 793 1084 ίστοῖς
808 1003 1023 1130 άμφοτέροις,
1041 1001 1139 1072 κάλ’
1120 1003 1188 1072 απὸ

229 1107 353 1196 ταύτης
371 1105 585 1196 ἐξήρτησαυ’
571 1133 610 1176 εν
624 1102 797 1194 λέβησιν“
779 1126 841 1174 οσα
859 1097 1065 1193 ἐπιχυθέντα
1078 1101 1099 1191 ή
1113 1101 1189 1173 ἐπι-

229 1209 399 1299 βληθέντα
429 1207 486 1277 ἐπλ
516 1207 602 1296 μέγα
632 1209 694 1295 τήν
729 1206 841 1294 φλόγα
877 1205 1011 1290 ἐξάψειν
1044 1213 1188 1294 ἔμελλεν.

232 1310 359 1400 ἕρματά
375 1337 411 1379 τε
428 1309 511 1390 ἐς
475 1335 538 1397 την
556 1309 716 1399 πρύμναν
730 1307 906 1397 ἐνέθεσαν,
923 1335 985 1377 του
971 1305 1122 1397 ἐξᾶραι
1140 1315 1189 1388 είς
1204 1338 1230 1379 ιο
1322 1335 1323 1342 “

230 1409 318 1494 ῦψος
347 1409 410 1498 τήν
440 1413 582 1503 πρῷραν
609 1411 798 1501 πιεζομένης
828 1411 912 1479 κατά
939 1409 1100 1498 πρύμναν
1129 1412 1189 1496 τῆς

197 1527 213 1576 3
233 1513 324 1594 νεός.
370 1519 482 1582 ἔπειτα
507 1510 632 1600 άνεμον
654 1512 856 1601 τηρήσαντες
881 1511 927 1592 οἱς
951 1510 1007 1580 ἐπὶ
1030 1510 1068 1578 τό
1093 1515 1189 1598 χῶμα

230 1613 434 1704 ἐπιφέροντα
451 1611 634 1694 ἐξάψαντες
647 1615 794 1703 τριήρεσι
806 1615 868 1701 τήν
885 1617 975 1682 ναῦν
988 1609 1061 1682 κατ’
1081 1611 1190 1701 ούρὰν

230 1712 352 1786 εἷλκον.
389 1713 436 1794 εός
460 1713 498 1783 δὲ
517 1713 675 1798 ἐπέλαζον
694 1713 757 1804 ήδη
782 1717 829 1806 τῷ
847 1741 883 1784 τε
900 1715 1027 1802 χύματι
1043 1717 1100 1783 καὶ
1117 1729 1190 1794 τοῖς

231 1817 385 1903 πύργοις,
403 1818 473 1904 πῦρ
487 1813 688 1905 ἐμβαλόντες
701 1825 751 1897 είς
768 1817 831 1904 τήν
844 1814 932 1904 ῦλην
946 1817 1004 1884 καὶ
1022 1808 1068 1895 σός
1081 1816 1189 1904 βιαιό-
1203 1841 1229 1884 ιο

230 1943 313 1986 τατα
331 1913 399 2004 ἅμα
422 1932 498 1998 ταῖς
517 1918 684 2008 τριήρεσιν
702 1917 989 1996 ἐπανελκύσαντες
1012 1917 1077 2004 τήν
1099 1922 1190 1986 ναῦν

230 2015 420 2088 ἐνσείουσιν
438 2016 530 2110 ἄκρῳ
548 2023 595 2109 τῷ
614 2019 755 2106 χείματι·
781 2019 879 2089 αὐτοὶ
898 2019 935 2088 δὲ
960 2023 997 2087 οί
1018 2015 1055 2086 ἐν
1072 2022 1114 2108 τή
1133 2023 1193 2106 νηῒ

195 2133 214 2181 4
231 2118 391 2208 καιομένη
408 2117 471 2208 ήδη
487 2121 682 2206 ἐξενήξαντο
696 2120 737 2190 ού
755 2124 916 2208 χαλεπῶς.
948 2121 1006 2188 καὶ
1026 2123 1063 2189 ἐν
1079 2120 1190 2212 τούτῳ

230 2219 251 2309 ή
265 2248 301 2290 τε
314 2219 398 2309 φλόξ
413 2222 520 2308 πολλή
535 2219 689 2292 ἐνέπιπτε
702 2238 774 2302 τοῖς
792 2223 934 2312 πύργοις
943 2222 1001 2290 καλ
1015 2225 1054 2289 αι’
1060 2237 1191 2311 κεραῖαι

230 2330 503 2411 περικλασθεῖσαι
520 2321 655 2411 ἐξέχεαν
672 2323 707 2404 ἐς
723 2325 761 2392 τὸ
776 2327 846 2413 πῦρ
864 2321 926 2392 όσα
944 2322 978 2403 ἐς
997 2324 1115 2404 ἔξαψιν
1131 2325 1190 2410 τής
1202 2351 1230 2392 νο

230 2424 674 2514 φλογόοπαρεσκευασμένα
691 2417 743 2510 ήν.
769 2429 805 2494 οἱ
821 2425 859 2495 δέ
877 2424 944 2494 άπό
960 2426 1030 2492 τῶν
1043 2426 1190 2514 τριηρῶν

230 2533 374 2613 πλησίον
400 2529 462 2594 τοῦ
489 2527 642 2614 χείματος
668 2525 939 2612 ἀνακωχεύοντες
971 2523 1127 2606 ἐτόξευον
1155 2523 1190 2606 ἐς

230 2626 311 2705 τοῦς
329 2625 502 2716 πύργους,
530 2627 576 2707 οές
598 2628 644 2716 μή
668 2625 818 2714 ἀσφαλὲς
844 2626 931 2696 εἶναι
952 2627 1095 2696 πελάσαι
1118 2625 1191 2696 ὅσοι

196 2726 430 2815 ὂσβεστήριόν
455 2754 487 2796 τι
510 2732 553 2818 τή
582 2730 684 2816 φλογὶ
712 2729 886 2819 ἐπέφερον.
930 2731 988 2798 καὶ
1015 2726 1053 2798 ἐν
1079 2729 1190 2822 τούτῳ

230 2827 462 2915 κατεχομένων
478 2827 541 2917 ήδη
560 2826 598 2898 ἐκ
614 2831 675 2898 τοῦ
694 2831 801 2918 πυρὸς
818 2835 888 2899 τῶν
905 2830 1049 2920 πύργων
1067 2829 1190 2921 έκόρα-
1203 2857 1229 2898 ετ

230 2929 350 3016 μόυτες
369 2929 406 2998 ἐκ
423 2931 483 3015 τῆς
500 2930 628 3010 πόλεως
647 2932 767 3000 πολλοὶ
784 2933 842 3001 καὶ
860 2929 895 3012 ἐς
912 2933 1045 3020 κελήτια
1063 2931 1190 3022 ἐμβάν-

229 3056 283 3110 τες
307 3027 393 3120 άλλη
418 3033 477 3098 καί
500 3029 586 3121 άλλη
611 3029 844 3114 ἐποκείλαντες
868 3036 930 3102 τοῦ
954 3033 1107 3122 χάματος
1129 3033 1192 3106 τόν

229 3157 266 3200 τε
291 3132 422 3220 χάρακα
445 3129 486 3201 ού
510 3135 664 3220 χαλεπῶς
691 3133 876 3204 διέσπασαν
901 3134 964 3204 τόν
991 3137 1055 3225 πρὸ
1082 3133 1190 3206 αῦτοῦ

231 3231 505 3322 προβεβλημένον
522 3235 579 3302 καί
596 3235 657 3314 τάς
671 3235 823 3323 μηχανάς
837 3236 1014 3324 ξυμπάσας
1027 3238 1193 3326 κατέφλε·

195 3344 213 3394 6
231 3335 292 3415 ξαν
306 3331 387 3414 όσας
405 3333 450 3422 μή
464 3334 502 3403 τό
521 3334 588 3404 άπὸ
606 3339 666 3422 τής
679 3337 766 3416 νεοές
780 3341 851 3426 πῦρ
865 3335 1013 3426 ἐπέσχεν.
1034 3340 1192 3421 Ἀλέξαν-
1204 3367 1231 3408 εο

230 3440 311 3522 ὃρος
330 3435 368 3504 66
394 3434 434 3504 τό
458 3463 494 3506 τε
520 3439 616 3525 χῶμα
644 3436 711 3507 άπὸ
738 3440 797 3524 τής
820 3436 963 3527 ήπείρου
982 3441 1193 3531 άρξαμένους

230 3537 440 3628 πλατύτερον
451 3539 635 3628 χωννύναι,
646 3538 692 3620 ός
702 3537 848 3622 πλέονας
858 3541 1017 3624 δέξασθαι
1026 3544 1194 3633 πύργους,
