2664 3946
499 215 682 268 ANAssAzm
700 217 729 279 ε,
747 217 788 270 ιο.
1060 208 1121 275 129

163 354 272 445 ἄκραν
289 354 350 442 τὴν
369 357 406 424 ἐν
420 353 632 444 Ἐκβατάνοις
655 355 863 426 καταθέσθαι
887 355 944 423 καὶ
964 351 1121 444 Ἁρπάλῳ

165 459 391 545 παραδοῦναι·
409 455 582 546 ’Ἅρπαλον
599 455 664 545 γάρ
680 458 735 526 ἐπὶ
752 460 822 525 τεόν
839 455 1017 546 χρημάτων
1035 453 1117 523 ἀπέ-

166 566 240 628 λιπε
256 559 313 627 καὶ
327 559 484 646 φυλακην
496 561 566 626 τῶν
583 557 761 646 χρημάτων
775 557 978 637 Μακεδόνας
993 559 1026 636 ές
1046 557 1121 638 ἑξα-

165 667 348 747 κισχιλίους
361 661 419 728 καί
435 660 556 739 ἱππέας
569 661 626 728 καὶ
644 659 765 740 ψιλούς
779 657 932 746 ὀλίγους·
960 655 1067 727 αότόν
1084 655 1122 726 δδ

139 788 153 827 ι
167 767 391 849 Παρμενίωνα
404 761 486 840 τοὺς
503 762 621 841 ξένους
634 758 848 849 ἀναλαβόντα
861 758 1013 838 καὶτοὺς
1028 759 1122 848 (9992—

165 889 226 942 κας
243 863 300 931 καὶ
319 859 392 931 ὅσοι
408 859 503 930 ἀλλοι
523 867 635 940 ίππείς
654 862 716 942 ἔξω
729 865 788 948 τῆς
807 865 913 931 ἵππον
926 863 986 947 τῆς
1001 862 1122 948 ἑταιρι-

165 965 224 1051 κῆς
251 963 343 1051 παρά
369 963 431 1050 τὴν
457 961 572 1050 χάραν
597 962 659 1049 τὴν
678 968 881 1032 Καδουσίων
909 961 1063 1031 ἐλαύνειν
1090 963 1123 1040 ές

161 1064 349 1153 Ὑρκανίαν.
378 1071 510 1154 Κλείτῳ
524 1062 562 1132 δὲ
574 1065 620 1154 τῷ
635 1066 693 1148 τῆς
710 1066 881 1152 βασιλικῆς
897 1071 969 1151 ίλης
986 1061 1125 1152 ἡγεμόνι
1140 1071 1156 1120 ⁸

167 1168 372 1254 ἐπέστειλεν,
399 1165 534 1236 ἐπειδάν
553 1167 589 1234 ἐκ
607 1165 753 1234 Σούσων
774 1171 823 1244 είς
837 1163 1022 1253 Ἐκβάτανα
1039 1163 1124 1252 ἀφί·

129 1291 280 1355 ιοκητιιι,
309 1268 546 1336 καταλέλειπτο
579 1265 646 1354 γάρ
685 1269 722 1335 έν
755 1265 901 1345 Σοόσοις
928 1265 1124 1354 ἀρρωστῶν,

167 1367 382 1456 ἀναλαβόντα
394 1367 475 1448 τούς
484 1367 689 1446 Μακεδόνας
698 1366 780 1447 νοός
795 1368 934 1436 ἐπὶτῶν
946 1367 1124 1455 χρημάτων

167 1469 242 1538 τότε
258 1467 541 1556 ὑπολειφθέντας,
560 1469 647 1538 ίέναι
662 1469 725 1556 τὴν
740 1471 796 1538 ἐπὶ
811 1475 1049 1558 Παρθυαίους,
1068 1472 1125 1537 ἵνα

168 1571 226 1638 καὶ
244 1567 347 1648 αὐτὸς
364 1567 453 1654 ἥξειν
472 1575 616 1656 ἔμελλεν.

246 1668 360 1750 Λάιός
379 1675 417 1740 δὲ
434 1669 616 1758 ἀναλαβὼν
633 1669 694 1757 τήν
718 1697 754 1738 τε
771 1675 877 1739 ἵππον
894 1673 964 1738 τῶν
983 1671 1179 1758 ἑταίρων20

133 1795 157 1836 π
170 1773 227 1840 καὶ
244 1771 326 1852 τούς
344 1771 559 1860 προδρόμους
576 1772 634 1840 καὶ
651 1770 732 1850 τοὺς
745 1770 977 1860 μισθοφόρους
993 1772 1127 1858 ίππέας,

171 1863 396 1963 άνἘρίγυιος
410 1871 537 1960 ἡγεῖτο,
554 1874 611 1941 καὶ
634 1871 696 1959 τὴν
715 1871 873 1960 φάλαγγα
890 1871 1127 1959 Μακεδονικὴν

170 1975 233 2055 ἔξω
249 1976 319 2044 τόν
338 1976 393 2044 ἐπὶ
410 1989 482 2054 τοῖς
495 1973 638 2063 χρήμασι
649 1975 844 2060 ταχθέντων
860 1975 917 2042 καὶ
934 1975 1014 2054 τούς
1030 1974 1126 2054 τοξό-

170 2103 229 2156 τας
242 2077 300 2144 καὶ
314 2075 396 2156 τούς
409 2074 585 2166 Ἀγριᾶνας
598 2073 746 2162 ἤλαυνεν
761 2072 805 2154 ιός
821 2076 876 2144 ἐπὶ
891 2086 1052 2163 Δαρείου,
1069 2075 1127 2143 καὶ

171 2175 264 2268 αὐτῷ
292 2175 376 2245 κατά
402 2175 463 2264 τὴν
490 2175 572 2245 ὁδὸν
605 2179 738 2265 σπουδῇ
764 2177 967 2264 γιγνομένην
996 2178 1066 2244 τῶν
1091 2201 1127 2244 τε

131 2300 159 2341 ιο
172 2282 383 2366 στρατιωτῶν
396 2278 515 2347 πολλοὶ
529 2276 712 2365 κάμνοντες
724 2274 947 2346 ἀπελείποντο
960 2278 1017 2345 καὶ
1031 2281 1128 2346 ίπποι

170 2377 402 2467 ἀπέθνησκον·
417 2377 503 2447 ἀλλά
510 2379 567 2446 καὶ
577 2374 621 2459 ὣς
629 2370 701 2466 ἦγε,
710 2376 964 2466 καδάφικνείται
971 2377 1126 2465 ἐςῬάγας
1145 2394 1160 2442 κ

174 2480 334 2574 ἑνδεκάτῃ
352 2479 469 2569 ἡμέρῳ.
506 2481 604 2565 διέχει
621 2479 659 2548 δὲ
682 2478 700 2548 ό
725 2481 833 2569 χῶρος
851 2469 950 2558 οὗτος
973 2476 1040 2547 ἀπό
1057 2480 1128 2548 τάν

172 2589 339 2650 Κασπίων
369 2583 487 2650 πυλῶν
512 2579 596 2648 ὁδόν
620 2578 745 2670 ἡμέρας
776 2582 853 2667 μιάς
878 2579 1054 2650 ἐλαύνοντι
1083 2577 1128 2660 (ός

168 2680 384 2772 Ἀλέξανδρος
407 2672 475 2767 ἦγε.
517 2693 663 2771 Δαρεῖος
688 2681 726 2752 δέ
744 2681 885 2769 ἐφθάκει
900 2678 963 2770 ἤδη
982 2689 1128 2771 παρελη·

133 2808 160 2849 ιε
173 2783 287 2864 λυθεὶς
305 2793 384 2853 είσω
397 2785 467 2852 τῶν
484 2785 603 2852 πυλῶν
619 2786 689 2852 τόν
707 2790 880 2852 Κασπίων.
905 2785 975 2851 τῶν
989 2782 1028 2853 δὲ
1041 2785 1127 2874 ξυμ-

173 2884 373 2972 φευγόντων
392 2891 529 2976 Δαρείῳ
547 2885 666 2953 πολλοὶ
690 2885 753 2972 μὲν
775 2883 996 2965 ἀπολιπόντες
1021 2884 1128 2954 αὐτόν

175 2989 212 3056 έν
236 2988 278 3074 τῇ
298 2987 393 3074 φυγῇ
414 2987 469 3055 ἐπὶ
487 2986 528 3053 τά
547 2983 661 3054 αὐτόν
680 2989 812 3055 ἕκαστοι
828 2984 1046 3075 ἀπεχάρουν,
1065 2986 1129 3056 οάκ

173 3085 283 3174 ὀλίγοι
306 3085 343 3156 δὲ
366 3087 424 3155 καὶ
448 3085 655 3178 Ἀλεξάνδρῳ
681 3091 769 3176 σφάς
788 3089 992 3156 ἐνεδίδοσαν.
1034 3086 1167 3157 ἈΜ-ι

174 3188 317 3276 ξανδρος
331 3187 369 3257 δὲ
384 3185 430 3267 ός
443 3187 580 3276 ἀπέγνω
589 3186 673 3256 κατά
687 3188 793 3268 πόδας
806 3187 957 3276 αἱρήσειν
967 3200 1129 3276 Δαρεῖον,

135 3293 291 3376 ονμείνας
321 3288 428 3358 αὐτοῦ
460 3291 559 3358 πέντε
588 3288 713 3378 ἡμέρας
748 3289 806 3357 καί
836 3287 1038 3370 ἀναπαύσας
1067 3290 1129 3358 τόν

175 3390 319 3478 στρατόν
333 3396 471 3478 Μηδίας
484 3390 547 3478 μὲν
560 3389 735 3479 σατράπην
748 3389 922 3472 ἀπέδειξεν
936 3389 1129 3480 Ὀξοδάτην,

176 3493 311 3580 Πέρσην
338 3489 466 3580 ἀνδρα,
489 3488 527 3572 δς
552 3490 716 3578 έτάγχανε
738 3490 823 3581 πρός
841 3501 992 3584 Δαρείου
1016 3493 1130 3573 ξυνει-

224 3609 352 3650 Διιιιιιιωι,
962 3607 978 3656 9
