2678 3950
233 249 294 312 178
586 244 838 301 ΑΛΕΞΑΝΔΡΟΤ

232 413 347 475 κιλλον
373 403 430 472 καὶ
448 406 606 474 Μενίδαν
633 403 666 482 ἐς
689 405 909 471 Μακεδονίαν
937 400 1107 488 ἐκπέμπει,
1134 399 1205 488 τήν

234 504 391 593 στρατιάν
416 504 477 592 τήν
505 506 542 572 ἐκ
568 507 784 582 Μακεδονίας
811 501 905 593 αὐτῷ
933 499 1127 583 ἀνάξοντας.

200 633 219 681 ι
303 603 389 693 Ἀμα
406 604 445 673 δὲ
461 606 507 696 τῷ
530 594 587 694 ήρι
608 597 835 691 ὑποφαίνοντι
859 600 1051 692 προάχόρει
1071 600 1116 682 ἀς
1141 602 1202 672 ἐπὶ

233 707 297 795 τήν
331 710 367 775 ἐν
392 707 434 794 τή
464 707 635 794 Σογδιανῇ
663 706 800 794 πέτραν,
833 706 866 784 ἐς
892 699 936 791 ἣν
960 703 1106 784 πολλοὺς
1132 703 1202 792 μὲν

233 815 303 877 τῶν
322 810 523 893 Σογδιανῶν
550 806 821 895 ξυμπεφευγέναι
844 803 936 896 αὐτῷ
964 805 1232 893 ἐξηγγέλλετο·ε

234 909 291 978 καὶ
307 908 328 996 ή
341 905 523 996 Ὀξυάρτου
544 907 582 976 δέ
597 907 685 994 γυνή
698 912 760 976 τοὺ
773 913 941 994 Βακτρίου
955 907 1013 974 καί
1027 909 1067 976 αί
1077 911 1201 986 παῖδες

233 1016 273 1080 αί
286 1007 468 1097 Ὀξυάρτου
494 1011 527 1088 ές
549 1008 611 1096 τήν
629 1009 754 1096 πέτραν
776 1005 903 1094 ταύτην
926 1008 1200 1094 ξυμπεφευγέναι

234 1112 406 1201 ἐλέγοντο,
428 1107 611 1198 Ὀξυάρτου
636 1103 741 1189 αὑτὰς
765 1102 812 1189 ὥς
839 1111 872 1188 ἐς
896 1105 1070 1178 ἀνάλωτον
1090 1112 1199 1195 δήθεν

233 1212 270 1280 τό
289 1219 413 1301 χωρίον
432 1214 468 1282 έκ
482 1227 556 1280 είνο.
569 1209 820 1300 ὑπεκθεμένου,
838 1208 889 1279 ότι
901 1210 958 1277 καί
972 1207 1076 1290 αὑτός
1097 1206 1197 1297 ἀφει-

234 1313 345 1399 στήκει
370 1307 431 1381 ἀπ’
455 1311 688 1399 Ἀλεξάνδρου.
734 1310 858 1398 ταύτης
881 1311 945 1400 γάρ
972 1313 1197 1400 ἐξαιρεθείσης
1212 1337 1240 1378 ιι

236 1412 347 1483 οάκέτι
360 1412 462 1483 οὐδὲν
475 1410 791 1500 ὑπολειφθήσεσθαι
804 1411 911 1480 ἐδόκει
921 1417 989 1480 τοῖν
997 1416 1197 1498 Σογδιανῶν

203 1535 218 1584 ε
234 1530 305 1596 τοῖς
318 1522 522 1602 νεωτερίζειν
537 1515 721 1583 ἐθέλουσιν.
745 1511 790 1594 οδς
804 1512 842 1582 δέ
857 1514 1023 1582 ἐπέλασαν
1035 1518 1078 1602 τή
1091 1514 1196 1603 πέτρα

236 1615 485 1704 καταλαμβάνει
511 1614 621 1702 πάντη
647 1611 816 1703 ἀπότομον
844 1617 877 1694 ἐς
902 1613 965 1701 τήν
990 1613 1195 1703 προσβολήν,

235 1724 324 1786 σιτία
345 1743 381 1786 τε
406 1716 728 1804 ξυγκεκομισμένους
753 1715 833 1796 τοὺς
859 1714 1055 1804 βαρβάρους
1087 1711 1131 1795 οδς
1162 1717 1196 1796 ἐς
1321 1745 1322 1798 3

235 1817 370 1904 χρόνιον
396 1822 606 1905 πολιορκίαν·
659 1817 716 1886 καί
740 1816 822 1903 χιοδν
854 1814 959 1903 πολλή
992 1810 1195 1886 ἐπιπεσοῦσα
1209 1840 1234 1882 ιε

234 1918 297 2004 τήν
320 1943 356 1986 τε
379 1915 564 2006 πρόσβασιν
582 1916 799 2006 ἀπορωτέραν
819 1919 921 1986 ἐποίει
936 1931 1006 1998 τοῖς
1021 1917 1195 1988 Μακεδόσι

235 2020 292 2086 καὶ
311 2017 380 2106 ἀμα
399 2021 435 2088 έν
452 2016 607 2108 ἀφθονίᾳ
624 2016 748 2098 ὕδατος
765 2018 844 2098 τοὺς
860 2018 1054 2107 βαρβάρους
1068 2021 1192 2105 διήγεν.

199 2135 217 2183 ο
235 2116 321 2187 ἀλλά
348 2120 404 2188 καί
432 2116 476 2198 ἀς
502 2119 724 2207 προσβάλλειν
751 2119 858 2188 ἐδόκει
888 2122 934 2211 τῷ
961 2127 1084 2212 χωρίῳ.
1137 2119 1194 2187 καὶ

234 2219 299 2309 γάρ
325 2246 356 2288 τι
381 2221 438 2288 καλ
463 2216 654 2307 ὑπέρογκον
679 2217 748 2288 ὑπό
775 2219 1049 2309 τῶνβαρβάρων
1072 2218 1193 2308 λεχθέν

236 2323 270 2402 ἐς
302 2326 493 2408 φιλοτιμίαν
525 2321 588 2402 ξὺν
622 2319 709 2410 ὀργή
741 2321 937 2410 ἐμβεβλήκει
962 2319 1191 2409 Ἀλέξανδρον.
1206 2349 1231 2390 ει
1320 2351 1321 2356 ’

236 2423 484 2512 προκληθέντες
510 2422 575 2510 γάρ
603 2425 636 2502 ές
663 2422 827 2510 ξόμβασιν
853 2423 909 2492 καὶ
935 2423 1193 2511 προτεινομένου
1320 2419 1321 2436 ³

235 2532 353 2611 σφίσιν
388 2520 437 2594 ὅτι
471 2523 569 2603 σείοις
600 2522 740 2613 ὑπάρξει
767 2525 822 2594 έπλ
848 2520 889 2592 τά
916 2523 1060 2613 σφέτερα
1086 2521 1194 2592 ἀπαλ-

236 2628 378 2716 λαγῆναι
404 2630 592 2714 παραδοῦσι
617 2623 655 2693 τό
681 2629 891 2712 χωρίον,οί
876 2624 953 2693 ίδὲ
915 2622 1046 2695 δσὺν
1077 2625 1194 2712 γέλωτι

234 2732 488 2814 βαρβαρίζοντες
515 2725 662 2812 πτηνοὺς
682 2727 836 2795 ἐκέλευον
861 2733 969 2814 ζητεῖν
996 2725 1193 2814 στρατιώτας

232 2824 289 2895 ’Aa
291 2829 516 2914 έξανδρον,“
481 2853 599 2906 οιτινες
622 2821 715 2916 αὑτῷ
740 2825 949 2915 ἐξαιρήσουσι
972 2825 1010 2895 τό
1034 2825 1129 2918 ὅρος,
1149 2853 1192 2906 ως
1205 2856 1231 2897 ιε

235 2954 314 2996 των
335 2954 374 3013 γε
405 2924 516 2995 ἀλλων
549 2924 742 3016 ἀνθρώπων
773 2925 988 3016 οὑδεμίαν”
961 2955 1053 3016 ωραν
1080 2934 1193 3015 σφίσιν

199 3047 217 3096 7
236 3019 352 3097 οὖσαν.
384 3033 468 3097 ἔνθα
483 3027 525 3115 δή
539 3027 698 3116 ἐκήρυξεν
708 3027 984 3116 Ἀλέξανδρος
937 3057 983 3119 ιφ
997 3057 1020 3116 μ
1023 3028 1060 3098 ἐν
1074 3029 1191 3119 πράτμ

236 3127 398 3216 ἀναβάντι
422 3128 553 3198 δυόδεκα
570 3128 717 3198 τάλαντα
741 3128 828 3200 εἶναι
850 3130 887 3199 τό
912 3130 1024 3218 γέρας,
1048 3131 1192 3220 δευτέρῳ

236 3228 274 3298 δέ
299 3229 354 3298 ἐπὶ
376 3230 483 3321 τοάτω
507 3230 547 3299 τά
572 3230 713 3320 δεότερα
730 3231 786 3300 καὶ
803 3239 906 3323 τρίτῳ
929 3229 969 3300 τά
994 3233 1124 3320 έφεξής,
1150 3228 1192 3311 ὡς

175 3417 178 3422 ¹
235 3339 425 3400 τελευταῖον
439 3330 585 3424 εἶναιτῷ
599 3337 778 3425 τελευταίῳ
793 3330 972 3401 ἀνελθόντι
984 3341 1192 3419 τριακοσίους
1203 3361 1228 3401 ω

237 3431 468 3520 Δαρεικοὺςτό
484 3432 594 3519 γέρας.
616 3429 778 3502 καὶτοῦτο
786 3432 824 3501 τό
834 3432 989 3521 κήρυγμα
998 3433 1191 3520 παρώξυνεν

236 3539 284 3602 ἐτι
300 3535 427 3621 μᾶλλον
445 3535 502 3602 καὶ
521 3531 629 3614 ἀλλοις
646 3534 726 3614 τοὺς
747 3534 951 3613 Μακεδόνας
970 3525 1191 3621 ὁρμημένους.
