2650 3948
485 226 669 278 εαεΒΑΣτε
686 229 712 293 ι,
731 229 754 279 ι.
1053 223 1099 292 ης.

132 365 181 448 ὥς
205 364 249 436 ού
270 383 449 456 προσεῖχον
472 364 563 460 αύτῷ
587 369 623 435 οί
643 374 884 455 Μιτυληναῖοι,
909 364 968 448 τάς
993 365 1095 450 ἄλλοις

132 468 250 548 πόλεις
272 473 330 556 τής
348 469 480 556 Λέσβου
504 467 742 554 προσηγάγετο.
776 468 900 550 τούτοις
924 467 962 538 δὲ
985 494 1092 558 παρα·
1115 493 1132 542 2

135 569 342 659 στησάμενος
372 570 429 638 καὶ
457 569 635 658 προσσχών
663 575 705 659 τῇ
736 569 915 661 Μιτυλήνῃ
942 569 1005 658 τήν
1034 569 1097 658 μὲν

134 670 239 741 πάλιν
252 671 371 760 χάρακι
385 675 490 764 διπλῷ
506 673 541 739 ἐκ
554 669 721 758 θαλάττης
735 673 769 752 ές
781 671 950 740 θάλατταν
964 667 1096 741 άπετεί-

106 793 224 861 εχισε,
258 771 466 860 στρατόπεδα
495 772 533 842 δέ
556 772 656 841 πέντε
680 772 1019 861 ἐποικοδομησάμενος
1040 778 1099 860 τής

136 880 202 961 γῆς
234 870 360 962 ἐκράτει
389 871 429 942 ού
460 877 621 962 χαλεπάς.
663 873 721 941 καὶ
750 873 849 964 μέρος
878 874 941 963 μέν
971 901 1002 944 τι
1030 876 1099 944 τῶν

137 980 229 1044 νεῶν
250 973 310 1044 τδυ
335 975 451 1062 λιμένα
475 972 589 1044 αύταῑν
615 974 801 1062 ἐφύλασσε,
834 973 893 1056 τάς
911 974 949 1045 δὲ
966 975 1020 1045 έπλ
1037 973 1100 1062 τήν

137 1076 248 1165 ἄκραν
265 1081 324 1164 τῆς
342 1077 475 1162 Λέσβου
492 1073 529 1144 τδ
549 1081 706 1163 Σίγριον,
730 1079 788 1144 ’ίνα
805 1072 825 1164 ή
844 1075 1014 1165 προσβολή
1033 1074 1100 1166 μά-

139 1175 236 1246 λιστά
270 1180 337 1247 ἐστι
365 1192 439 1257 ταῖς
467 1174 534 1246 άπό
562 1202 598 1245 τε
627 1183 714 1246 Χίου
744 1176 801 1245 καλ
831 1184 1014 1265 Γεραιστοῦ
1044 1177 1100 1246 καὶ

98 1305 127 1347 ιο
143 1277 281 1358 Μαλέας
316 1276 471 1366 ὁλκάσιν,
508 1275 707 1358 ἀποστείλας
740 1275 801 1346 τδν
828 1277 1027 1365 παράπλουν
1063 1280 1101 1348 έν

139 1384 279 1469 φυλακή
298 1377 398 1468 εἶχεν,
424 1377 469 1460 ὥς
492 1377 539 1468 μή
556 1407 631 1448 τινα
649 1375 813 1466 ὠφέλειαν
831 1377 913 1447 κατά
930 1378 1101 1448 θάλατταν

139 1487 319 1568 γίγνεσθαι
342 1495 412 1562 τοῖς
438 1487 687 1569 Μιτυληναίοις.
722 1480 779 1549 καλ
804 1482 840 1550 έν
863 1479 971 1573 τούτῳ
996 1477 1133 1564 αύτδςρ

141 1582 204 1671 μὲν
228 1581 319 1676 νόσφ
342 1586 499 1672 τελευτᾷ,
529 1582 586 1650 καὶ
609 1591 702 1670 εἴπερ
719 1607 751 1650 τι
768 1579 849 1650 ἄλλο
867 1581 923 1650 καλ
946 1587 1045 1650 τοῦτο
1064 1583 1101 1650 έν

140 1689 190 1775 τῷ
215 1683 287 1753 τότε
311 1689 434 1770 έβλαιγε
456 1681 496 1751 τά
514 1684 676 1770 βασιλέως
693 1681 880 1772 πράγματα.
916 1679 1101 1772 Αὐτοφρα-

104 1813 130 1855 ιε
144 1783 245 1871 δάτης
269 1783 308 1853 δέ
339 1785 395 1852 καὶ
421 1783 634 1873 Φαρνάβαζος
658 1777 676 1852 ὁ
704 1781 918 1872 Ἀρταβάζου,
948 1782 1014 1877 δτιμ
1045 1783 1102 1852 καλ

9 1965 13 1974 ,
144 1886 304 1975 ἐπέτρεψε
321 1891 486 1956 τελευτῶν
503 1882 520 1954 ὁ
536 1885 687 1973 Μέμνων
703 1881 765 1972 τήν
782 1883 889 1954 αὑτοῦ
907 1879 1013 1976 άρχήν
1031 1892 1104 1956 ἔστε

144 1985 296 2076 Δαρεῖόν
324 2014 355 2056 τι
376 1984 464 2075 ὑπὲρ
487 1982 591 2073 αύτής
617 1989 763 2073 γνῶναι,
794 1984 963 2080 ἀδελφιδῷ
995 1984 1104 2056 αὖτοῦ

143 2086 227 2176 ὄντι,
246 2081 338 2158 οὗτοι
350 2094 392 2178 τῇ
410 2094 584 2178 πολιορκίη
601 2083 665 2156 ούκ
682 2085 862 2177 άρροέστας
880 2088 1103 2178 προσέκειντο.

144 2190 203 2259 καλ
227 2193 263 2258 οί
279 2198 503 2278 Μιτυληναῖοι
525 2194 584 2275 τῆς
607 2215 643 2257 τε
667 2194 729 2276 γῆς
753 2185 939 2278 εἰργόμενοι
962 2189 1019 2258 καλ
1036 2183 1103 2258 άπδ
1128 2202 1148 2254 4

107 2317 134 2361 το
146 2290 312 2378 θαλάττης
326 2299 465 2372 πολλοῖς
478 2290 602 2360 ναυσὶν
616 2289 839 2378 ἐφορμούσαις
857 2288 1105 2380 φρουρούμενοι

146 2394 335 2481 πέμψαντες
358 2391 448 2482 παρά
472 2391 532 2462 τὸν
551 2391 768 2482 Φαρνάβαζον
792 2388 970 2479 ὁμολογίας
990 2389 1102 2478 ἐποιή-

146 2515 260 2581 σαντο,
278 2493 356 2574 τούς
370 2493 433 2582 μέν
446 2494 563 2576 ξένους
577 2490 656 2572 τούς
674 2489 754 2581 παρ’
772 2486 991 2582 Ἀλεξάνδρου
1010 2497 1105 2579 σφίσι

146 2592 231 2665 κατά
257 2601 449 2684 συμμαχίαν
473 2594 615 2682 ήκοντας
640 2591 820 2680 άπελθείυ,
850 2599 1106 2680 Μιτυληναίους

147 2696 186 2766 δέ
209 2704 367 2766 καθελεῖν
389 2696 452 2784 μέν
475 2693 534 2775 τάς
557 2693 640 2784 πρὸς
660 2691 880 2784 Ἀλέξανδρόν
898 2714 990 2783 σφισι
1006 2720 1103 2781 γενο-

109 2797 250 2886 νομένας
265 2797 397 2885 στήλας,
416 2796 607 2886 ξυμμάχους
625 2794 663 2865 δέ
679 2795 764 2866 εἶναι
777 2801 925 2885 Δαρείου
943 2793 1027 2865 κατὰ
1044 2792 1107 2882 τήν

148 2897 285 2988 εἰρήνην
302 2897 363 2987 τήν
383 2895 429 2968 ἐπ’
445 2895 661 2969 Ἀνταλκίδου
675 2902 859 2987 γενομένην
873 2895 957 2988 πρδς
969 2894 1107 2984 βασιλέα

148 3013 315 3087 Δαρεῖον,
339 2998 419 3081 τούς
440 2998 594 3088 φυγάδας
613 2997 651 3067 δέ
669 2997 784 3069 αὐτῶν
800 3001 947 3069 κατιέναι
965 2999 1021 3068 έπλ
1037 3011 1106 3078 τοῖς

147 3098 280 3189 ήμίσεσι
297 3106 366 3171 τοῖν
383 3100 457 3171 τότε
474 3100 582 3171 ὅντων
599 3099 653 3169 ὅτε
668 3106 806 3188 ἔφυγον.
834 3101 889 3168 έπλ
902 3098 1032 3180 τούτοις
1044 3098 1107 3188 μὲν
1128 3123 1145 3173 σ

149 3201 191 3288 δή
213 3199 233 3288 ή
250 3201 411 3290 ξύμβασις
427 3217 497 3282 τοῖς
516 3208 758 3288 Μιτυληναίοις
776 3200 859 3289 πρὸς
876 3200 956 3282 τούς
974 3201 1108 3292 Πέρσας

112 3326 136 3372 ει
151 3303 280 3389 ξυνέβη.
334 3303 548 3390 Φαρνάβαζος
579 3302 617 3371 δὲ
649 3302 705 3370 καὶ
738 3300 1025 3391 Αὐτοφραδάτης,
1063 3329 1108 3382 ος

150 3407 325 3493 παρῆλθον
353 3403 440 3486 ἅπαξ
472 3413 551 3473 εἴσω
575 3410 632 3491 τής
656 3401 801 3490 πόλεως,
833 3401 990 3492 φρουράν
1012 3428 1048 3473 τε
1074 3405 1107 3484 ές

151 3501 258 3594 αύτήυ
276 3503 456 3594 εἰσήγαγον
473 3505 529 3574 καλ
546 3503 762 3590 φρούραρχον
777 3497 824 3573 ἐπ’
844 3501 930 3594 αὐτῇ
949 3501 1109 3592 Λυκομή-
