<?xml version="1.0" encoding="UTF-8"?>
<!DOCTYPE html PUBLIC "-//W3C//DTD XHTML 1.0 Transitional//EN"
    "http://www.w3.org/TR/xhtml1/DTD/xhtml1-transitional.dtd">
<html xmlns="http://www.w3.org/1999/xhtml" xml:lang="en" lang="en">
 <head>
  <title>
</title>
<meta http-equiv="Content-Type" content="text/html;charset=utf-8" />
  <meta name='ocr-system' content='tesseract 3.04.00' />
  <meta name='ocr-capabilities' content='ocr_page ocr_carea ocr_par ocr_line ocrx_word'/>
</head>
<body>
  <div class='ocr_page' id='page_1' title='image "./arrianianabasis00abicgoog_0207.png"; bbox 0 0 2678 3950; ppageno 0'>
   <div class='ocr_carea' id='block_1_1' title="bbox 229 249 833 313">
    <p class='ocr_par' dir='ltr' id='par_1_1' title="bbox 229 249 833 313">
     <span class='ocr_line' id='line_1_1' title="bbox 229 249 833 313; baseline 0 -13"><span class='ocrx_word' id='word_1_1' title='bbox 229 251 289 313; x_wconf 72' lang='lat'><strong><em>176</em></strong></span> <span class='ocrx_word' id='word_1_2' title='bbox 581 249 833 307; x_wconf 71' lang='grc' dir='ltr'><strong><em>κκεκικιεου</em></strong></span> 
     </span>
    </p>
   </div>
   <div class='ocr_carea' id='block_1_2' title="bbox 193 403 1312 3626">
    <p class='ocr_par' dir='ltr' id='par_1_2' title="bbox 193 403 1312 3626">
     <span class='ocr_line' id='line_1_2' title="bbox 226 403 1193 499; baseline -0.009 -23"><span class='ocrx_word' id='word_1_3' title='bbox 226 405 370 494; x_wconf 76' lang='grc' dir='ltr'><strong><em>τήκοντα</em></strong></span> <span class='ocrx_word' id='word_1_4' title='bbox 404 411 533 487; x_wconf 79' lang='grc' dir='ltr'><strong><em>ίππείς·</em></strong></span> <span class='ocrx_word' id='word_1_5' title='bbox 566 411 603 475; x_wconf 90' lang='grc' dir='ltr'><strong><em>οί</em></strong></span> <span class='ocrx_word' id='word_1_6' title='bbox 632 405 671 474; x_wconf 71' lang='grc' dir='ltr'><strong><em>δὲ</em></strong></span> <span class='ocrx_word' id='word_1_7' title='bbox 697 404 791 474; x_wconf 90' lang='grc' dir='ltr'><strong><em>άλλοι</em></strong></span> <span class='ocrx_word' id='word_1_8' title='bbox 817 403 859 475; x_wconf 84' lang='grc' dir='ltr'><strong><em>οό</em></strong></span> <span class='ocrx_word' id='word_1_9' title='bbox 888 412 1041 494; x_wconf 74' lang='grc' dir='ltr'><strong><em>χαλεποῖς</em></strong></span> <span class='ocrx_word' id='word_1_10' title='bbox 1066 403 1101 488; x_wconf 77' lang='grc' dir='ltr'><strong><em>’ἒς</em></strong></span> <span class='ocrx_word' id='word_1_11' title='bbox 1126 404 1193 499; x_wconf 74' lang='grc' dir='ltr'><strong><em>τῆιι</em></strong></span> 
     </span>
     <span class='ocr_line' id='line_1_3' title="bbox 227 499 1191 597; baseline 0.002 -21"><span class='ocrx_word' id='word_1_12' title='bbox 227 507 354 597; x_wconf 72' lang='grc' dir='ltr'><strong><em>ἐρήμην</em></strong></span> <span class='ocrx_word' id='word_1_13' title='bbox 368 508 599 595; x_wconf 85' lang='grc' dir='ltr'><strong><em>διεσόθησαν,</em></strong></span> <span class='ocrx_word' id='word_1_14' title='bbox 623 505 673 575; x_wconf 86' lang='grc' dir='ltr'><strong><em>ὅτι</em></strong></span> <span class='ocrx_word' id='word_1_15' title='bbox 691 506 821 596; x_wconf 86' lang='grc' dir='ltr'><strong><em>άπορον</em></strong></span> <span class='ocrx_word' id='word_1_16' title='bbox 840 499 881 594; x_wconf 83' lang='grc' dir='ltr'><strong><em>ἦν</em></strong></span> <span class='ocrx_word' id='word_1_17' title='bbox 900 509 1100 597; x_wconf 75' lang='grc' dir='ltr'><strong><em>προσωτέρω</em></strong></span> <span class='ocrx_word' id='word_1_18' title='bbox 1117 523 1191 590; x_wconf 84' lang='grc' dir='ltr'><strong><em>τοῖς</em></strong></span> 
     </span>
     <span class='ocr_line' id='line_1_4' title="bbox 228 607 620 679; baseline -0.01 0"><span class='ocrx_word' id='word_1_19' title='bbox 228 608 405 679; x_wconf 77' lang='grc' dir='ltr'><strong><em>Μακεδόσι</em></strong></span> <span class='ocrx_word' id='word_1_20' title='bbox 431 607 572 677; x_wconf 73' lang='grc' dir='ltr'><strong><em>διώκειν.</em></strong></span> <span class='ocrx_word' id='word_1_21' title='bbox 618 651 620 654; x_wconf 57' lang='lat'>&gt;</span> 
     </span>
     <span class='ocr_line' id='line_1_5' title="bbox 193 705 1189 801; baseline 0.002 -25"><span class='ocrx_word' id='word_1_22' title='bbox 193 727 209 776; x_wconf 79' lang='grc' dir='ltr'><strong><em>ε</em></strong></span> <span class='ocrx_word' id='word_1_23' title='bbox 304 712 372 780; x_wconf 81' lang='grc' dir='ltr'><strong><em>Καὶ</em></strong></span> <span class='ocrx_word' id='word_1_24' title='bbox 398 707 437 780; x_wconf 81' lang='grc' dir='ltr'><strong><em>ἐν</em></strong></span> <span class='ocrx_word' id='word_1_25' title='bbox 460 705 571 801; x_wconf 86' lang='grc' dir='ltr'><strong><em>τοάτφ</em></strong></span> <span class='ocrx_word' id='word_1_26' title='bbox 586 707 804 796; x_wconf 76' lang='grc' dir='ltr'><strong><em>Ἀλέξανδρος</em></strong></span> <span class='ocrx_word' id='word_1_27' title='bbox 820 707 1021 799; x_wconf 82' lang='grc' dir='ltr'><strong><em>Ἀρτάβαζον</em></strong></span> <span class='ocrx_word' id='word_1_28' title='bbox 1038 709 1101 797; x_wconf 70' lang='grc' dir='ltr'><strong><em>μὲν</em></strong></span> <span class='ocrx_word' id='word_1_29' title='bbox 1126 714 1189 797; x_wconf 84' lang='grc' dir='ltr'><strong><em>τῆς</em></strong></span> 
     </span>
     <span class='ocr_line' id='line_1_6' title="bbox 227 805 1231 901; baseline -0.001 -19"><span class='ocrx_word' id='word_1_30' title='bbox 227 816 427 899; x_wconf 80' lang='grc' dir='ltr'><strong><em>σατραπείας</em></strong></span> <span class='ocrx_word' id='word_1_31' title='bbox 451 816 509 897; x_wconf 80' lang='grc' dir='ltr'><strong><em>τῆς</em></strong></span> <span class='ocrx_word' id='word_1_32' title='bbox 525 819 702 901; x_wconf 79' lang='grc' dir='ltr'><strong><em>Βακτρίων</em></strong></span> <span class='ocrx_word' id='word_1_33' title='bbox 725 805 927 880; x_wconf 88' lang='grc' dir='ltr'><strong><em>άπαλλάττει</em></strong></span> <span class='ocrx_word' id='word_1_34' title='bbox 951 813 1115 898; x_wconf 80' lang='grc' dir='ltr'><strong><em>δεηθέντα</em></strong></span> <span class='ocrx_word' id='word_1_35' title='bbox 1133 811 1190 880; x_wconf 82' lang='grc' dir='ltr'><strong><em>διά</em></strong></span> <span class='ocrx_word' id='word_1_36' title='bbox 1218 840 1231 881; x_wconf 86' lang='grc' dir='ltr'><strong><em>ε</em></strong></span> 
     </span>
     <span class='ocr_line' id='line_1_7' title="bbox 226 907 1188 1000; baseline -0.001 -20"><span class='ocrx_word' id='word_1_37' title='bbox 226 915 349 1000; x_wconf 79' lang='grc' dir='ltr'><strong><em>γῆρας,</em></strong></span> <span class='ocrx_word' id='word_1_38' title='bbox 375 907 545 998; x_wconf 87' lang='grc' dir='ltr'><strong><em>Ἀμόνταν</em></strong></span> <span class='ocrx_word' id='word_1_39' title='bbox 568 910 606 981; x_wconf 75' lang='grc' dir='ltr'><strong><em>δδ</em></strong></span> <span class='ocrx_word' id='word_1_40' title='bbox 631 912 692 981; x_wconf 85' lang='grc' dir='ltr'><strong><em>τὸν</em></strong></span> <span class='ocrx_word' id='word_1_41' title='bbox 711 911 884 982; x_wconf 78' lang='grc' dir='ltr'><strong><em>Νικολάων</em></strong></span> <span class='ocrx_word' id='word_1_42' title='bbox 911 911 1086 1000; x_wconf 77' lang='grc' dir='ltr'><strong><em>σατράπην</em></strong></span> <span class='ocrx_word' id='word_1_43' title='bbox 1111 909 1188 980; x_wconf 79' lang='grc' dir='ltr'><strong><em>ἀντ’</em></strong></span> 
     </span>
     <span class='ocr_line' id='line_1_8' title="bbox 228 1009 1189 1100; baseline -0.002 -18"><span class='ocrx_word' id='word_1_44' title='bbox 228 1009 335 1082; x_wconf 82' lang='grc' dir='ltr'><strong><em>αάτοῦ</em></strong></span> <span class='ocrx_word' id='word_1_45' title='bbox 360 1019 546 1098; x_wconf 89' lang='grc' dir='ltr'><strong><em>καθίστησι.</em></strong></span> <span class='ocrx_word' id='word_1_46' title='bbox 600 1021 726 1082; x_wconf 82' lang='grc' dir='ltr'><strong><em>Κοίνου</em></strong></span> <span class='ocrx_word' id='word_1_47' title='bbox 750 1011 788 1082; x_wconf 78' lang='grc' dir='ltr'><strong><em>δλ</em></strong></span> <span class='ocrx_word' id='word_1_48' title='bbox 811 1011 986 1082; x_wconf 87' lang='grc' dir='ltr'><strong><em>άπολείπει</em></strong></span> <span class='ocrx_word' id='word_1_49' title='bbox 1003 1012 1108 1082; x_wconf 80' lang='grc' dir='ltr'><strong><em>αὐτοῦ</em></strong></span> <span class='ocrx_word' id='word_1_50' title='bbox 1127 1013 1189 1100; x_wconf 85' lang='grc' dir='ltr'><strong><em>τήν</em></strong></span> 
     </span>
     <span class='ocr_line' id='line_1_9' title="bbox 227 1111 1189 1203; baseline 0 -21"><span class='ocrx_word' id='word_1_51' title='bbox 227 1141 263 1184; x_wconf 90' lang='grc' dir='ltr'><strong><em>τε</em></strong></span> <span class='ocrx_word' id='word_1_52' title='bbox 286 1111 392 1183; x_wconf 75' lang='grc' dir='ltr'><strong><em>αὑτοῦ</em></strong></span> <span class='ocrx_word' id='word_1_53' title='bbox 417 1113 510 1196; x_wconf 84' lang='grc' dir='ltr'><strong><em>τάξιν</em></strong></span> <span class='ocrx_word' id='word_1_54' title='bbox 527 1115 585 1183; x_wconf 87' lang='grc' dir='ltr'><strong><em>καλ</em></strong></span> <span class='ocrx_word' id='word_1_55' title='bbox 602 1112 665 1200; x_wconf 83' lang='grc' dir='ltr'><strong><em>την</em></strong></span> <span class='ocrx_word' id='word_1_56' title='bbox 683 1112 884 1203; x_wconf 77' lang='grc' dir='ltr'><strong><em>Μελεάγρου</em></strong></span> <span class='ocrx_word' id='word_1_57' title='bbox 904 1120 1022 1201; x_wconf 81' lang='grc' dir='ltr'><strong><em>ἔχοντα</em></strong></span> <span class='ocrx_word' id='word_1_58' title='bbox 1038 1115 1095 1182; x_wconf 86' lang='grc' dir='ltr'><strong><em>καλ</em></strong></span> <span class='ocrx_word' id='word_1_59' title='bbox 1119 1117 1189 1182; x_wconf 75' lang='grc' dir='ltr'><strong><em>τῶν</em></strong></span> 
     </span>
     <span class='ocr_line' id='line_1_10' title="bbox 229 1211 1188 1302; baseline 0 -17"><span class='ocrx_word' id='word_1_60' title='bbox 229 1217 370 1301; x_wconf 83' lang='grc' dir='ltr'><strong><em>ἑταίρων</em></strong></span> <span class='ocrx_word' id='word_1_61' title='bbox 390 1217 520 1284; x_wconf 79' lang='grc' dir='ltr'><strong><em>ἱππέων</em></strong></span> <span class='ocrx_word' id='word_1_62' title='bbox 533 1211 568 1294; x_wconf 79' lang='grc' dir='ltr'><strong><em>ἐς</em></strong></span> <span class='ocrx_word' id='word_1_63' title='bbox 582 1221 817 1302; x_wconf 81' lang='grc' dir='ltr'><strong><em>τετρακοσίους</em></strong></span> <span class='ocrx_word' id='word_1_64' title='bbox 836 1216 894 1284; x_wconf 85' lang='grc' dir='ltr'><strong><em>καλ</em></strong></span> <span class='ocrx_word' id='word_1_65' title='bbox 916 1215 996 1295; x_wconf 82' lang='grc' dir='ltr'><strong><em>τούς</em></strong></span> <span class='ocrx_word' id='word_1_66' title='bbox 1022 1219 1188 1285; x_wconf 87' lang='grc' dir='ltr'><strong><em>ίππακον-</em></strong></span> 
     </span>
     <span class='ocr_line' id='line_1_11' title="bbox 227 1315 1229 1402; baseline 0.002 -18"><span class='ocrx_word' id='word_1_67' title='bbox 227 1317 338 1396; x_wconf 87' lang='grc' dir='ltr'><strong><em>τιστάς</em></strong></span> <span class='ocrx_word' id='word_1_68' title='bbox 356 1315 483 1396; x_wconf 83' lang='grc' dir='ltr'><strong><em>πάντας</em></strong></span> <span class='ocrx_word' id='word_1_69' title='bbox 501 1315 557 1384; x_wconf 83' lang='grc' dir='ltr'><strong><em>καὶ</em></strong></span> <span class='ocrx_word' id='word_1_70' title='bbox 580 1319 649 1382; x_wconf 77' lang='grc' dir='ltr'><strong><em>τῶν</em></strong></span> <span class='ocrx_word' id='word_1_71' title='bbox 666 1322 841 1402; x_wconf 87' lang='grc' dir='ltr'><strong><em>Βακτρίων</em></strong></span> <span class='ocrx_word' id='word_1_72' title='bbox 858 1342 894 1384; x_wconf 90' lang='grc' dir='ltr'><strong><em>τε</em></strong></span> <span class='ocrx_word' id='word_1_73' title='bbox 911 1317 968 1385; x_wconf 81' lang='grc' dir='ltr'><strong><em>καὶ</em></strong></span> <span class='ocrx_word' id='word_1_74' title='bbox 986 1319 1189 1402; x_wconf 77' lang='grc' dir='ltr'><strong><em>Σογδιανῶν</em></strong></span> <span class='ocrx_word' id='word_1_75' title='bbox 1202 1346 1229 1386; x_wconf 86' lang='grc' dir='ltr'><strong><em>ιο</em></strong></span> 
     </span>
     <span class='ocr_line' id='line_1_12' title="bbox 227 1413 1188 1504; baseline 0 -18"><span class='ocrx_word' id='word_1_76' title='bbox 227 1420 283 1487; x_wconf 79' lang='grc' dir='ltr'><strong><em>καὶ</em></strong></span> <span class='ocrx_word' id='word_1_77' title='bbox 302 1416 374 1487; x_wconf 86' lang='grc' dir='ltr'><strong><em>ὅσοι</em></strong></span> <span class='ocrx_word' id='word_1_78' title='bbox 392 1416 489 1486; x_wconf 87' lang='grc' dir='ltr'><strong><em>άλλοι</em></strong></span> <span class='ocrx_word' id='word_1_79' title='bbox 500 1414 758 1504; x_wconf 75' lang='grc' dir='ltr'><strong><em>μετάἊμόντου</em></strong></span> <span class='ocrx_word' id='word_1_80' title='bbox 779 1413 982 1504; x_wconf 67' lang='grc' dir='ltr'><strong><em>ἐτάχθησαν,</em></strong></span> <span class='ocrx_word' id='word_1_81' title='bbox 999 1417 1188 1504; x_wconf 85' lang='grc' dir='ltr'><strong><em>προστάξας</em></strong></span> 
     </span>
     <span class='ocr_line' id='line_1_13' title="bbox 228 1515 1188 1605; baseline -0.002 -17"><span class='ocrx_word' id='word_1_82' title='bbox 228 1517 352 1588; x_wconf 85' lang='grc' dir='ltr'><strong><em>άπασιν</em></strong></span> <span class='ocrx_word' id='word_1_83' title='bbox 377 1517 514 1586; x_wconf 85' lang='grc' dir='ltr'><strong><em>άκοάειν</em></strong></span> <span class='ocrx_word' id='word_1_84' title='bbox 538 1523 666 1586; x_wconf 87' lang='grc' dir='ltr'><strong><em>Κοίνου</em></strong></span> <span class='ocrx_word' id='word_1_85' title='bbox 692 1517 750 1585; x_wconf 84' lang='grc' dir='ltr'><strong><em>καλ</em></strong></span> <span class='ocrx_word' id='word_1_86' title='bbox 776 1517 991 1605; x_wconf 78' lang='grc' dir='ltr'><strong><em>διαχειμάζειν</em></strong></span> <span class='ocrx_word' id='word_1_87' title='bbox 1015 1515 1122 1587; x_wconf 75' lang='grc' dir='ltr'><strong><em>αὐτοῦ</em></strong></span> <span class='ocrx_word' id='word_1_88' title='bbox 1149 1516 1188 1586; x_wconf 76' lang='grc' dir='ltr'><strong><em>ἓν</em></strong></span> 
     </span>
     <span class='ocr_line' id='line_1_14' title="bbox 227 1616 1187 1710; baseline 0 -22"><span class='ocrx_word' id='word_1_89' title='bbox 227 1623 268 1710; x_wconf 78' lang='grc' dir='ltr'><strong><em>τῇ</em></strong></span> <span class='ocrx_word' id='word_1_90' title='bbox 288 1622 478 1707; x_wconf 75' lang='grc' dir='ltr'><strong><em>Σογδιανῇ,</em></strong></span> <span class='ocrx_word' id='word_1_91' title='bbox 498 1623 558 1704; x_wconf 78' lang='grc' dir='ltr'><strong><em>τῆς</em></strong></span> <span class='ocrx_word' id='word_1_92' title='bbox 574 1644 610 1686; x_wconf 90' lang='grc' dir='ltr'><strong><em>τε</em></strong></span> <span class='ocrx_word' id='word_1_93' title='bbox 633 1616 743 1707; x_wconf 72' lang='grc' dir='ltr'><strong><em>χώρας</em></strong></span> <span class='ocrx_word' id='word_1_94' title='bbox 768 1621 866 1688; x_wconf 69' lang='grc' dir='ltr'><strong><em>ἕνεκα</em></strong></span> <span class='ocrx_word' id='word_1_95' title='bbox 884 1623 942 1706; x_wconf 76' lang='grc' dir='ltr'><strong><em>τῆς</em></strong></span> <span class='ocrx_word' id='word_1_96' title='bbox 960 1621 1113 1706; x_wconf 75' lang='grc' dir='ltr'><strong><em>φυλακῆς</em></strong></span> <span class='ocrx_word' id='word_1_97' title='bbox 1131 1621 1187 1688; x_wconf 86' lang='grc' dir='ltr'><strong><em>καλ</em></strong></span> 
     </span>
     <span class='ocr_line' id='line_1_15' title="bbox 229 1717 1188 1808; baseline -0.002 -18"><span class='ocrx_word' id='word_1_98' title='bbox 229 1731 264 1790; x_wconf 84' lang='grc' dir='ltr'><strong><em>εί</em></strong></span> <span class='ocrx_word' id='word_1_99' title='bbox 291 1745 336 1807; x_wconf 91' lang='grc' dir='ltr'><strong><em>πη</em></strong></span> <span class='ocrx_word' id='word_1_100' title='bbox 371 1717 436 1806; x_wconf 86' lang='grc' dir='ltr'><strong><em>άρα</em></strong></span> <span class='ocrx_word' id='word_1_101' title='bbox 469 1719 682 1807; x_wconf 75' lang='grc' dir='ltr'><strong><em>Σπιταμένην</em></strong></span> <span class='ocrx_word' id='word_1_102' title='bbox 713 1718 976 1808; x_wconf 81' lang='grc' dir='ltr'><strong><em>περιφερόμενον</em></strong></span> <span class='ocrx_word' id='word_1_103' title='bbox 1011 1719 1094 1788; x_wconf 89' lang='grc' dir='ltr'><strong><em>κατά</em></strong></span> <span class='ocrx_word' id='word_1_104' title='bbox 1127 1719 1188 1788; x_wconf 85' lang='grc' dir='ltr'><strong><em>τόν</em></strong></span> 
     </span>
     <span class='ocr_line' id='line_1_16' title="bbox 229 1813 1312 1910; baseline 0.001 -20"><span class='ocrx_word' id='word_1_105' title='bbox 229 1824 374 1910; x_wconf 74' lang='grc' dir='ltr'><strong><em>χειμῶνα</em></strong></span> <span class='ocrx_word' id='word_1_106' title='bbox 402 1817 661 1909; x_wconf 79' lang='grc' dir='ltr'><strong><em>ἐνεδρεύσαντας</em></strong></span> <span class='ocrx_word' id='word_1_107' title='bbox 687 1822 875 1909; x_wconf 75' lang='grc' dir='ltr'><strong><em>ξυλλαβεῖν.</em></strong></span> <span class='ocrx_word' id='word_1_108' title='bbox 1200 1851 1226 1891; x_wconf 83' lang='grc' dir='ltr'><strong><em>ιε</em></strong></span> <span class='ocrx_word' id='word_1_109' title='bbox 1311 1813 1312 1844; x_wconf 37' lang='grc' dir='ltr'><strong><em>δ</em></strong></span> 
     </span>
     <span class='ocr_line' id='line_1_17' title="bbox 195 1919 1188 2011; baseline -0.002 -19"><span class='ocrx_word' id='word_1_110' title='bbox 195 1946 211 1992; x_wconf 82' lang='grc'>4</span> <span class='ocrx_word' id='word_1_111' title='bbox 306 1921 517 2008; x_wconf 79' lang='grc' dir='ltr'><strong><em>Σπιταμένης</em></strong></span> <span class='ocrx_word' id='word_1_112' title='bbox 541 1920 579 1989; x_wconf 78' lang='grc' dir='ltr'><strong><em>δλ</em></strong></span> <span class='ocrx_word' id='word_1_113' title='bbox 596 1921 653 1989; x_wconf 85' lang='grc' dir='ltr'><strong><em>καὶ</em></strong></span> <span class='ocrx_word' id='word_1_114' title='bbox 671 1927 708 1991; x_wconf 88' lang='grc' dir='ltr'><strong><em>οί</em></strong></span> <span class='ocrx_word' id='word_1_115' title='bbox 722 1919 805 2010; x_wconf 77' lang='grc' dir='ltr'><strong><em>ἀμφ’</em></strong></span> <span class='ocrx_word' id='word_1_116' title='bbox 828 1920 933 1990; x_wconf 79' lang='grc' dir='ltr'><strong><em>αὐτὸν</em></strong></span> <span class='ocrx_word' id='word_1_117' title='bbox 951 1919 996 2001; x_wconf 76' lang='grc' dir='ltr'><strong><em>οδς</em></strong></span> <span class='ocrx_word' id='word_1_118' title='bbox 1020 1935 1188 2011; x_wconf 80' lang='grc' dir='ltr'><strong><em>φρουραῖς</em></strong></span> 
     </span>
     <span class='ocr_line' id='line_1_18' title="bbox 229 2021 1187 2112; baseline -0.001 -21"><span class='ocrx_word' id='word_1_119' title='bbox 229 2049 265 2091; x_wconf 88' lang='grc' dir='ltr'><strong><em>τε</em></strong></span> <span class='ocrx_word' id='word_1_120' title='bbox 284 2021 393 2090; x_wconf 89' lang='grc' dir='ltr'><strong><em>πάντα</em></strong></span> <span class='ocrx_word' id='word_1_121' title='bbox 410 2022 651 2109; x_wconf 75' lang='grc' dir='ltr'><strong><em>κατειλημμένα</em></strong></span> <span class='ocrx_word' id='word_1_122' title='bbox 678 2021 792 2112; x_wconf 79' lang='grc' dir='ltr'><strong><em>ἕάρωυ</em></strong></span> <span class='ocrx_word' id='word_1_123' title='bbox 820 2025 950 2091; x_wconf 78' lang='grc' dir='ltr'><strong><em>ἐκτῶν</em></strong></span> <span class='ocrx_word' id='word_1_124' title='bbox 977 2022 1187 2093; x_wconf 88' lang='grc' dir='ltr'><strong><em>Μακεδόνων</em></strong></span> 
     </span>
     <span class='ocr_line' id='line_1_19' title="bbox 229 2119 1187 2212; baseline 0.001 -21"><span class='ocrx_word' id='word_1_125' title='bbox 229 2129 288 2191; x_wconf 90' lang='grc' dir='ltr'><strong><em>καί</em></strong></span> <span class='ocrx_word' id='word_1_126' title='bbox 312 2143 425 2210; x_wconf 89' lang='grc' dir='ltr'><strong><em>σφισιν</em></strong></span> <span class='ocrx_word' id='word_1_127' title='bbox 452 2119 562 2211; x_wconf 79' lang='grc' dir='ltr'><strong><em>ἄπορα</em></strong></span> <span class='ocrx_word' id='word_1_128' title='bbox 588 2121 696 2210; x_wconf 90' lang='grc' dir='ltr'><strong><em>πάντη</em></strong></span> <span class='ocrx_word' id='word_1_129' title='bbox 728 2122 768 2191; x_wconf 85' lang='grc' dir='ltr'><strong><em>τά</em></strong></span> <span class='ocrx_word' id='word_1_130' title='bbox 794 2127 853 2210; x_wconf 79' lang='grc' dir='ltr'><strong><em>τῆς</em></strong></span> <span class='ocrx_word' id='word_1_131' title='bbox 886 2127 996 2211; x_wconf 80' lang='grc' dir='ltr'><strong><em>φυγῆς</em></strong></span> <span class='ocrx_word' id='word_1_132' title='bbox 1024 2127 1187 2212; x_wconf 80' lang='grc' dir='ltr'><strong><em>ἐγίγνετο,</em></strong></span> 
     </span>
     <span class='ocr_line' id='line_1_20' title="bbox 230 2221 1187 2316; baseline 0 -24"><span class='ocrx_word' id='word_1_133' title='bbox 230 2221 275 2304; x_wconf 71' lang='grc' dir='ltr'><strong><em>οἱς</em></strong></span> <span class='ocrx_word' id='word_1_134' title='bbox 308 2226 362 2292; x_wconf 89' lang='grc' dir='ltr'><strong><em>ε’πλ</em></strong></span> <span class='ocrx_word' id='word_1_135' title='bbox 396 2222 525 2294; x_wconf 79' lang='grc' dir='ltr'><strong><em>Κοῖνόν</em></strong></span> <span class='ocrx_word' id='word_1_136' title='bbox 557 2250 592 2292; x_wconf 87' lang='grc' dir='ltr'><strong><em>τε</em></strong></span> <span class='ocrx_word' id='word_1_137' title='bbox 623 2223 679 2292; x_wconf 86' lang='grc' dir='ltr'><strong><em>καλ</em></strong></span> <span class='ocrx_word' id='word_1_138' title='bbox 704 2221 767 2310; x_wconf 82' lang='grc' dir='ltr'><strong><em>τὴν</em></strong></span> <span class='ocrx_word' id='word_1_139' title='bbox 793 2222 856 2306; x_wconf 81' lang='grc' dir='ltr'><strong><em>ξδν</em></strong></span> <span class='ocrx_word' id='word_1_140' title='bbox 886 2224 995 2316; x_wconf 84' lang='grc' dir='ltr'><strong><em>τοότφ</em></strong></span> <span class='ocrx_word' id='word_1_141' title='bbox 1030 2223 1187 2314; x_wconf 88' lang='grc' dir='ltr'><strong><em>στρατιάν</em></strong></span> 
     </span>
     <span class='ocr_line' id='line_1_21' title="bbox 230 2318 1224 2416; baseline 0.002 -22"><span class='ocrx_word' id='word_1_142' title='bbox 230 2324 424 2416; x_wconf 79' lang='grc' dir='ltr'><strong><em>ἐτράποντο,</em></strong></span> <span class='ocrx_word' id='word_1_143' title='bbox 451 2318 496 2404; x_wconf 74' lang='grc' dir='ltr'><strong><em>ὥς</em></strong></span> <span class='ocrx_word' id='word_1_144' title='bbox 515 2324 620 2412; x_wconf 87' lang='grc' dir='ltr'><strong><em>ταότη</em></strong></span> <span class='ocrx_word' id='word_1_145' title='bbox 645 2323 773 2412; x_wconf 85' lang='grc' dir='ltr'><strong><em>μᾶλλόν</em></strong></span> <span class='ocrx_word' id='word_1_146' title='bbox 790 2351 821 2392; x_wconf 91' lang='grc' dir='ltr'><strong><em>τι</em></strong></span> <span class='ocrx_word' id='word_1_147' title='bbox 840 2323 1009 2413; x_wconf 80' lang='grc' dir='ltr'><strong><em>ἀξιόμαχοι</em></strong></span> <span class='ocrx_word' id='word_1_148' title='bbox 1027 2325 1184 2413; x_wconf 79' lang='grc' dir='ltr'><strong><em>ἐσόμενοι.</em></strong></span> <span class='ocrx_word' id='word_1_149' title='bbox 1199 2356 1224 2396; x_wconf 81' lang='grc' dir='ltr'><strong><em>ιο</em></strong></span> 
     </span>
     <span class='ocr_line' id='line_1_22' title="bbox 229 2422 1312 2515; baseline -0.001 -20"><span class='ocrx_word' id='word_1_150' title='bbox 229 2422 422 2515; x_wconf 85' lang='grc' dir='ltr'><strong><em>άφικόμενοι</em></strong></span> <span class='ocrx_word' id='word_1_151' title='bbox 453 2425 490 2494; x_wconf 71' lang='grc' dir='ltr'><strong><em>δὲ</em></strong></span> <span class='ocrx_word' id='word_1_152' title='bbox 521 2427 554 2505; x_wconf 76' lang='grc' dir='ltr'><strong><em>ἐς</em></strong></span> <span class='ocrx_word' id='word_1_153' title='bbox 584 2425 714 2514; x_wconf 90' lang='grc' dir='ltr'><strong><em>Βαγάς,</em></strong></span> <span class='ocrx_word' id='word_1_154' title='bbox 753 2433 879 2514; x_wconf 88' lang='grc' dir='ltr'><strong><em>χωρίον</em></strong></span> <span class='ocrx_word' id='word_1_155' title='bbox 909 2431 969 2513; x_wconf 84' lang='grc' dir='ltr'><strong><em>τῆς</em></strong></span> <span class='ocrx_word' id='word_1_156' title='bbox 999 2430 1187 2514; x_wconf 77' lang='grc' dir='ltr'><strong><em>Σογδιανῆς</em></strong></span> <span class='ocrx_word' id='word_1_157' title='bbox 1311 2445 1312 2448; x_wconf 75' lang='grc'>’</span> 
     </span>
     <span class='ocr_line' id='line_1_23' title="bbox 230 2526 1186 2617; baseline 0 -21"><span class='ocrx_word' id='word_1_158' title='bbox 230 2526 366 2616; x_wconf 86' lang='grc' dir='ltr'><strong><em>ὀχυρόν,</em></strong></span> <span class='ocrx_word' id='word_1_159' title='bbox 392 2530 429 2596; x_wconf 82' lang='grc' dir='ltr'><strong><em>ἐν</em></strong></span> <span class='ocrx_word' id='word_1_160' title='bbox 446 2533 596 2617; x_wconf 79' lang='grc' dir='ltr'><strong><em>μεθορίῳ</em></strong></span> <span class='ocrx_word' id='word_1_161' title='bbox 614 2532 672 2614; x_wconf 77' lang='grc' dir='ltr'><strong><em>τῆς</em></strong></span> <span class='ocrx_word' id='word_1_162' title='bbox 694 2553 729 2595; x_wconf 92' lang='grc' dir='ltr'><strong><em>τε</em></strong></span> <span class='ocrx_word' id='word_1_163' title='bbox 755 2532 955 2613; x_wconf 79' lang='grc' dir='ltr'><strong><em>Σογδιανῶν</em></strong></span> <span class='ocrx_word' id='word_1_164' title='bbox 972 2533 1033 2614; x_wconf 80' lang='grc' dir='ltr'><strong><em>γῆς</em></strong></span> <span class='ocrx_word' id='word_1_165' title='bbox 1055 2529 1186 2614; x_wconf 80' lang='grc' dir='ltr'><strong><em>καὶτῆς</em></strong></span> 
     </span>
     <span class='ocr_line' id='line_1_24' title="bbox 230 2625 1185 2719; baseline -0.001 -20"><span class='ocrx_word' id='word_1_166' title='bbox 230 2632 464 2714; x_wconf 72' lang='grc' dir='ltr'><strong><em>Μασσαγετῶν</em></strong></span> <span class='ocrx_word' id='word_1_167' title='bbox 483 2631 634 2697; x_wconf 82' lang='grc' dir='ltr'><strong><em>Σκυθῶν</em></strong></span> <span class='ocrx_word' id='word_1_168' title='bbox 658 2625 858 2719; x_wconf 71' lang='grc' dir='ltr'><strong><em>ᾠκισμένον,</em></strong></span> <span class='ocrx_word' id='word_1_169' title='bbox 884 2626 1128 2698; x_wconf 91' lang='grc' dir='ltr'><strong><em>άναπείθουσιν</em></strong></span> <span class='ocrx_word' id='word_1_170' title='bbox 1146 2627 1185 2698; x_wconf 86' lang='grc' dir='ltr'><strong><em>οό</em></strong></span> 
     </span>
     <span class='ocr_line' id='line_1_25' title="bbox 229 2731 1186 2818; baseline 0.003 -22"><span class='ocrx_word' id='word_1_171' title='bbox 229 2733 380 2815; x_wconf 76' lang='grc' dir='ltr'><strong><em>χαλεπῶς</em></strong></span> <span class='ocrx_word' id='word_1_172' title='bbox 395 2733 465 2796; x_wconf 75' lang='grc' dir='ltr'><strong><em>τῶν</em></strong></span> <span class='ocrx_word' id='word_1_173' title='bbox 484 2734 636 2798; x_wconf 76' lang='grc' dir='ltr'><strong><em>Σκυθῶν</em></strong></span> <span class='ocrx_word' id='word_1_174' title='bbox 656 2731 775 2808; x_wconf 76' lang='grc' dir='ltr'><strong><em>ἱππέας</em></strong></span> <span class='ocrx_word' id='word_1_175' title='bbox 794 2733 827 2809; x_wconf 84' lang='grc' dir='ltr'><strong><em>ἐς</em></strong></span> <span class='ocrx_word' id='word_1_176' title='bbox 844 2736 1045 2817; x_wconf 87' lang='grc' dir='ltr'><strong><em>τρισχιλίους</em></strong></span> <span class='ocrx_word' id='word_1_177' title='bbox 1062 2749 1186 2818; x_wconf 92' lang='grc' dir='ltr'><strong><em>συνεμ-</em></strong></span> 
     </span>
     <span class='ocr_line' id='line_1_26' title="bbox 196 2827 1224 2918; baseline 0.002 -18"><span class='ocrx_word' id='word_1_178' title='bbox 196 2829 365 2918; x_wconf 78' lang='grc' dir='ltr'><strong><em>σβάλλειν</em></strong></span> <span class='ocrx_word' id='word_1_179' title='bbox 391 2836 508 2915; x_wconf 92' lang='grc' dir='ltr'><strong><em>σφίσιν</em></strong></span> <span class='ocrx_word' id='word_1_180' title='bbox 541 2829 573 2908; x_wconf 81' lang='grc' dir='ltr'><strong><em>ἐς</em></strong></span> <span class='ocrx_word' id='word_1_181' title='bbox 599 2827 660 2915; x_wconf 79' lang='grc' dir='ltr'><strong><em>τὴν</em></strong></span> <span class='ocrx_word' id='word_1_182' title='bbox 688 2829 890 2918; x_wconf 76' lang='grc' dir='ltr'><strong><em>Σογδιανήν.</em></strong></span> <span class='ocrx_word' id='word_1_183' title='bbox 930 2835 966 2900; x_wconf 87' lang='grc' dir='ltr'><strong><em>οί</em></strong></span> <span class='ocrx_word' id='word_1_184' title='bbox 988 2829 1026 2898; x_wconf 75' lang='grc' dir='ltr'><strong><em>δὲ</em></strong></span> <span class='ocrx_word' id='word_1_185' title='bbox 1053 2830 1224 2902; x_wconf 84' lang='grc' dir='ltr'><strong><em>Σκάθαιιε</em></strong></span> 
     </span>
     <span class='ocr_line' id='line_1_27' title="bbox 230 2921 1187 3020; baseline 0.002 -21"><span class='ocrx_word' id='word_1_186' title='bbox 230 2921 324 2999; x_wconf 79' lang='grc' dir='ltr'><strong><em>οὗτοι</em></strong></span> <span class='ocrx_word' id='word_1_187' title='bbox 349 2927 474 3020; x_wconf 82' lang='grc' dir='ltr'><strong><em>άπορίηι</em></strong></span> <span class='ocrx_word' id='word_1_188' title='bbox 503 2955 539 2998; x_wconf 90' lang='grc' dir='ltr'><strong><em>τε</em></strong></span> <span class='ocrx_word' id='word_1_189' title='bbox 569 2935 677 3018; x_wconf 80' lang='grc' dir='ltr'><strong><em>πολλῇ</em></strong></span> <span class='ocrx_word' id='word_1_190' title='bbox 702 2935 831 3016; x_wconf 85' lang='grc' dir='ltr'><strong><em>ἔχονται</em></strong></span> <span class='ocrx_word' id='word_1_191' title='bbox 859 2930 916 3000; x_wconf 86' lang='grc' dir='ltr'><strong><em>καλ</em></strong></span> <span class='ocrx_word' id='word_1_192' title='bbox 939 2930 1006 3018; x_wconf 86' lang='grc' dir='ltr'><strong><em>άμα</em></strong></span> <span class='ocrx_word' id='word_1_193' title='bbox 1032 2929 1084 3000; x_wconf 86' lang='grc' dir='ltr'><strong><em>ὅτι</em></strong></span> <span class='ocrx_word' id='word_1_194' title='bbox 1110 2930 1187 3001; x_wconf 80' lang='grc' dir='ltr'><strong><em>οὔτε</em></strong></span> 
     </span>
     <span class='ocr_line' id='line_1_28' title="bbox 230 3027 1187 3121; baseline 0.006 -25"><span class='ocrx_word' id='word_1_195' title='bbox 230 3031 341 3110; x_wconf 78' lang='grc' dir='ltr'><strong><em>πόλεις</em></strong></span> <span class='ocrx_word' id='word_1_196' title='bbox 359 3031 447 3101; x_wconf 87' lang='grc' dir='ltr'><strong><em>είσὶν</em></strong></span> <span class='ocrx_word' id='word_1_197' title='bbox 466 3027 583 3110; x_wconf 78' lang='grc' dir='ltr'><strong><em>αὐτοῖς</em></strong></span> <span class='ocrx_word' id='word_1_198' title='bbox 601 3028 679 3099; x_wconf 77' lang='grc' dir='ltr'><strong><em>οὔτε</em></strong></span> <span class='ocrx_word' id='word_1_199' title='bbox 704 3033 832 3118; x_wconf 82' lang='grc' dir='ltr'><strong><em>ἑδραῖοι</em></strong></span> <span class='ocrx_word' id='word_1_200' title='bbox 854 3035 1018 3121; x_wconf 82' lang='grc' dir='ltr'><strong><em>οἰκοῦσιν,</em></strong></span> <span class='ocrx_word' id='word_1_201' title='bbox 1048 3030 1094 3113; x_wconf 67' lang='grc' dir='ltr'><strong><em>οἱς</em></strong></span> <span class='ocrx_word' id='word_1_202' title='bbox 1119 3037 1187 3102; x_wconf 87' lang='grc' dir='ltr'><strong><em>δει-</em></strong></span> 
     </span>
     <span class='ocr_line' id='line_1_29' title="bbox 230 3126 1187 3220; baseline 0.002 -20"><span class='ocrx_word' id='word_1_203' title='bbox 230 3139 361 3220; x_wconf 88' lang='grc' dir='ltr'><strong><em>μαίνειν</em></strong></span> <span class='ocrx_word' id='word_1_204' title='bbox 389 3126 431 3199; x_wconf 87' lang='grc' dir='ltr'><strong><em>άυ</em></strong></span> <span class='ocrx_word' id='word_1_205' title='bbox 457 3132 534 3219; x_wconf 82' lang='grc' dir='ltr'><strong><em>περὶ</em></strong></span> <span class='ocrx_word' id='word_1_206' title='bbox 560 3136 629 3198; x_wconf 72' lang='grc' dir='ltr'><strong><em>τοῖν</em></strong></span> <span class='ocrx_word' id='word_1_207' title='bbox 656 3131 837 3218; x_wconf 90' lang='grc' dir='ltr'><strong><em>φιλτάτων,</em></strong></span> <span class='ocrx_word' id='word_1_208' title='bbox 869 3130 909 3201; x_wconf 81' lang='grc' dir='ltr'><strong><em>οὐ</em></strong></span> <span class='ocrx_word' id='word_1_209' title='bbox 937 3133 1077 3218; x_wconf 78' lang='grc' dir='ltr'><strong><em>χαλεποὶ</em></strong></span> <span class='ocrx_word' id='word_1_210' title='bbox 1103 3133 1187 3202; x_wconf 90' lang='grc' dir='ltr'><strong><em>άνα-</em></strong></span> 
     </span>
     <span class='ocr_line' id='line_1_30' title="bbox 230 3231 1188 3321; baseline 0 -19"><span class='ocrx_word' id='word_1_211' title='bbox 230 3236 411 3320; x_wconf 78' lang='grc' dir='ltr'><strong><em>πεισθῆναί</em></strong></span> <span class='ocrx_word' id='word_1_212' title='bbox 435 3239 521 3302; x_wconf 91' lang='grc' dir='ltr'><strong><em>είσιν</em></strong></span> <span class='ocrx_word' id='word_1_213' title='bbox 547 3233 581 3312; x_wconf 83' lang='grc' dir='ltr'><strong><em>ἐς</em></strong></span> <span class='ocrx_word' id='word_1_214' title='bbox 608 3231 712 3301; x_wconf 86' lang='grc' dir='ltr'><strong><em>άλλου</em></strong></span> <span class='ocrx_word' id='word_1_215' title='bbox 738 3233 795 3300; x_wconf 80' lang='grc' dir='ltr'><strong><em>καὶ</em></strong></span> <span class='ocrx_word' id='word_1_216' title='bbox 821 3231 924 3302; x_wconf 86' lang='grc' dir='ltr'><strong><em>άλλου</em></strong></span> <span class='ocrx_word' id='word_1_217' title='bbox 948 3234 1105 3321; x_wconf 88' lang='grc' dir='ltr'><strong><em>πόλεμον.</em></strong></span> <span class='ocrx_word' id='word_1_218' title='bbox 1145 3233 1188 3316; x_wconf 78' lang='grc' dir='ltr'><strong><em>ολς</em></strong></span> 
     </span>
     <span class='ocr_line' id='line_1_31' title="bbox 230 3327 1224 3424; baseline 0.005 -20"><span class='ocrx_word' id='word_1_219' title='bbox 230 3333 269 3404; x_wconf 64' lang='grc' dir='ltr'><strong><em>δὲ</em></strong></span> <span class='ocrx_word' id='word_1_220' title='bbox 285 3333 410 3414; x_wconf 80' lang='grc' dir='ltr'><strong><em>Κοῖνός</em></strong></span> <span class='ocrx_word' id='word_1_221' title='bbox 428 3359 463 3402; x_wconf 91' lang='grc' dir='ltr'><strong><em>τε</em></strong></span> <span class='ocrx_word' id='word_1_222' title='bbox 485 3333 542 3402; x_wconf 87' lang='grc' dir='ltr'><strong><em>καλ</em></strong></span> <span class='ocrx_word' id='word_1_223' title='bbox 561 3337 598 3402; x_wconf 87' lang='grc' dir='ltr'><strong><em>οί</em></strong></span> <span class='ocrx_word' id='word_1_224' title='bbox 612 3327 699 3422; x_wconf 82' lang='grc' dir='ltr'><strong><em>ἀμφ’</em></strong></span> <span class='ocrx_word' id='word_1_225' title='bbox 720 3331 826 3402; x_wconf 84' lang='grc' dir='ltr'><strong><em>αάτδυ</em></strong></span> <span class='ocrx_word' id='word_1_226' title='bbox 845 3339 972 3421; x_wconf 80' lang='grc' dir='ltr'><strong><em>ἔμαθον</em></strong></span> <span class='ocrx_word' id='word_1_227' title='bbox 990 3334 1187 3424; x_wconf 88' lang='grc' dir='ltr'><strong><em>προσιόντας</em></strong></span> <span class='ocrx_word' id='word_1_228' title='bbox 1199 3369 1224 3409; x_wconf 82' lang='grc' dir='ltr'><strong><em>ιο</em></strong></span> 
     </span>
     <span class='ocr_line' id='line_1_32' title="bbox 229 3429 1188 3523; baseline 0.001 -19"><span class='ocrx_word' id='word_1_229' title='bbox 229 3433 310 3515; x_wconf 78' lang='grc' dir='ltr'><strong><em>τούς</em></strong></span> <span class='ocrx_word' id='word_1_230' title='bbox 336 3433 400 3512; x_wconf 80' lang='grc' dir='ltr'><strong><em>ξδν</em></strong></span> <span class='ocrx_word' id='word_1_231' title='bbox 426 3435 631 3523; x_wconf 79' lang='grc' dir='ltr'><strong><em>Σπιταμένει</em></strong></span> <span class='ocrx_word' id='word_1_232' title='bbox 659 3437 790 3522; x_wconf 74' lang='grc' dir='ltr'><strong><em>ἱππέας,</em></strong></span> <span class='ocrx_word' id='word_1_233' title='bbox 824 3429 984 3522; x_wconf 81' lang='grc' dir='ltr'><strong><em>άπηντωυ</em></strong></span> <span class='ocrx_word' id='word_1_234' title='bbox 1010 3435 1066 3503; x_wconf 83' lang='grc' dir='ltr'><strong><em>καλ</em></strong></span> <span class='ocrx_word' id='word_1_235' title='bbox 1092 3434 1188 3505; x_wconf 80' lang='grc' dir='ltr'><strong><em>αὐτοὶ</em></strong></span> 
     </span>
     <span class='ocr_line' id='line_1_33' title="bbox 196 3533 1188 3626; baseline 0.002 -24"><span class='ocrx_word' id='word_1_236' title='bbox 196 3552 212 3602; x_wconf 83' lang='grc'><strong>6</strong></span> <span class='ocrx_word' id='word_1_237' title='bbox 229 3534 310 3624; x_wconf 87' lang='grc' dir='ltr'><strong><em>μετά</em></strong></span> <span class='ocrx_word' id='word_1_238' title='bbox 333 3539 391 3624; x_wconf 81' lang='grc' dir='ltr'><strong><em>τῆς</em></strong></span> <span class='ocrx_word' id='word_1_239' title='bbox 412 3539 574 3626; x_wconf 84' lang='grc' dir='ltr'><strong><em>στρατιᾶς.</em></strong></span> <span class='ocrx_word' id='word_1_240' title='bbox 620 3535 676 3604; x_wconf 83' lang='grc' dir='ltr'><strong><em>καὶ</em></strong></span> <span class='ocrx_word' id='word_1_241' title='bbox 695 3543 844 3623; x_wconf 90' lang='grc' dir='ltr'><strong><em>γίγνεται</em></strong></span> <span class='ocrx_word' id='word_1_242' title='bbox 862 3533 976 3606; x_wconf 77' lang='grc' dir='ltr'><strong><em>αὐτῶν</em></strong></span> <span class='ocrx_word' id='word_1_243' title='bbox 999 3535 1087 3625; x_wconf 90' lang='grc' dir='ltr'><strong><em>μάχη</em></strong></span> <span class='ocrx_word' id='word_1_244' title='bbox 1104 3563 1188 3623; x_wconf 90' lang='grc' dir='ltr'><strong><em>καρ-</em></strong></span> 
     </span>
    </p>
   </div>
   <div class='ocr_carea' id='block_1_3' title="bbox 0 0 1348 3950">
    <p class='ocr_par' dir='ltr' id='par_1_3' title="bbox 0 0 1348 3950">
     <span class='ocr_line' id='line_1_34' title="bbox 0 0 1348 3950; baseline 0 0"><span class='ocrx_word' id='word_1_245' title='bbox 0 0 1348 3950; x_wconf 95' lang='lat' dir='ltr'><strong><em> </em></strong></span> 
     </span>
    </p>
   </div>
  </div>
 </body>
</html>
