2650 3948
239 242 279 306 12
588 241 837 301 ΑΔΕΞΑΝΔΡΟΤ

236 389 351 454 ἳππων
367 385 424 452 καλ
441 381 684 473 ἀναμιχθέντας
701 399 771 464 τοις
795 387 932 453 ίππεῦσι
956 379 1071 466 πεζοδς
1089 379 1191 470 μάχα·

72 561 75 568 ,
203 497 328 555 θσθαι.
371 489 407 555 οί
430 483 467 554 δέ
493 486 641 574 πολέμιοι
664 483 726 572 τήν
752 483 861 575 ὁρμην
885 483 949 572 τήν
971 482 1193 572 Ἀλεξάνδρου

239 585 367 667 ίδόντες
380 593 532 666 λείπουσι
544 586 604 656 τόν
616 585 765 674 γήλοφον
774 587 830 654 καί
844 592 1123 674 παρεκκλίνουσιν
1137 582 1191 673 ἐφ’

238 686 376 777 ἑκάτερα
392 693 461 756 τοῖν
479 685 579 777 ὀροῖν.
610 693 695 756 ἔνθα
713 686 754 774 δη“
768 685 965 774 καταλαβάν
979 683 1193 774 Ἀλέξανδρος

237 787 300 858 τόν
328 786 482 877 γήλοφον
505 787 571 857 σῦν
592 803 663 869 τοῖς
688 790 827 876 ἑταίροις
849 787 929 869 τοῦς
957 815 993 858 τε
1020 785 1193 875 Ἀγριᾶνας
1221 813 1235 854 ι

236 891 480 978 μεταπέμπεται
496 889 553 958 καὶ
569 888 648 970 τοῦς
664 887 810 976 τοξότας,
828 887 928 970 ὄντας
947 891 979 969 ἐς
997 894 1192 976 δισχιλίους·

237 989 316 1072 τοῦς
330 991 368 1060 δὲ
384 988 592 1071 ὑπασπιστάς
606 995 789 1078 διαβαίνειν
805 989 865 1061 τόν
878 990 1027 1078 ποταμόν
1042 990 1195 1059 ε’κέλευσε

235 1091 292 1160 καὶ
320 1093 375 1162 ἐπὶ
398 1092 524 1174 τούτοις
540 1090 599 1172 τάς
614 1091 720 1174 τάξεις
742 1097 812 1160 τάν
829 1091 1057 1164 Μακεδόνων·
1094 1087 1194 1160 ὁπότε

237 1191 276 1261 δέ
299 1191 472 1280 διαβάντες
493 1192 643 1282 τάχοιεν,
667 1191 719 1262 ἐπ’
738 1190 864 1262 άσπίδα
888 1192 1123 1280 ἐκτάσσεσθαι,
1149 1189 1194 1274 ὥς

237 1293 374 1382 πυκνὴν
399 1291 506 1374 εῦθῦς
530 1293 717 1381 διαβάντων
734 1299 916 1380 φαίνεσθαι
938 1293 1000 1382 την
1018 1292 1191 1381 φάλαγγα·
1207 1321 1233 1360 ιο

238 1391 340 1476 αῦτός
358 1393 395 1464 δὲ
413 1398 450 1464 ἐν
468 1400 671 1484 προφυλακῇ
696 1391 744 1464 ω”υ
762 1393 827 1464 άπδ
848 1401 910 1464 τοῦ
928 1394 1037 1482 λόφον
1057 1392 1194 1484 άφεάρα

204 1507 220 1556 ’λ
237 1502 306 1564 τόν
322 1503 491 1584 πολεμίων
503 1494 565 1582 τὴν
578 1493 696 1584 ὁρμήν.
729 1499 765 1565 οί
776 1497 824 1582 δέ,
838 1493 982 1586 ὁρῶντες
996 1501 1193 1584 διαβαίνου-

237 1617 301 1666 σαν
318 1595 380 1685 τὴν
398 1596 560 1684 δύναμιν,
577 1594 661 1666 κατά
678 1596 719 1666 τοὶ
736 1595 798 1686 ὅρη
815 1593 1042 1688 άντεπῄεσαν,
1062 1595 1107 1678 ως
1123 1611 1193 1676 τοῖς

235 1697 316 1786 μετά
337 1695 557 1786 Ἀλεξάνδρου
581 1698 815 1787 ἐπιθησόμενοι
836 1705 1036 1779 τελευταίοις
1059 1696 1193 1786 άποχω-
1309 1783 1310 1790 ¹

237 1805 364 1886 ροῦσιν.
400 1797 418 1868 ὁ
440 1799 478 1868 δὲ
501 1799 706 1883 πελαζόντων
723 1799 788 1888 ἤδη
806 1798 910 1880 αὐτὸς
929 1793 1027 1869 ἐκθεῖ
1039 1799 1107 1868 σῦν
1122 1814 1192 1879 τοῖς
1206 1825 1232 1866 ιο

237 1895 324 1988 ἄμφ’
350 1898 471 1988 αὐτόν,
497 1901 554 1970 καὶ
579 1895 601 1988 ἡ
627 1900 777 1988 φάλαγξ,
809 1895 853 1981 ως
878 1899 932 1969 διά
957 1907 1018 1970 τοῦ
1043 1904 1192 1990 ποταμοῦ

238 2004 395 2088 ἐπιοῦσα,
421 2001 640 2089 ἐπηλάλαξεν·
676 2007 712 2072 οί
735 2001 774 2071 δὲ
799 2003 948 2090 πολέμιοι
975 2002 1112 2071 πάντων
1139 2002 1193 2070 ἐπὶ

236 2107 325 2190 σφᾶς
340 2102 553 2172 ἐλαυνόντων
567 2105 778 2188 ἐγκλίναντες
791 2109 952 2190 ἔφευγον·
969 2104 1026 2172 καὶ
1039 2106 1077 2173 ἐν
1085 2102 1192 2195 τοῦτφ
1307 2149 1309 2184 2

238 2205 361 2290 ἐπῆγεν
376 2198 591 2291 Ἀλέξανδρος
604 2203 681 2285 τοῦς
694 2231 729 2272 τε
743 2202 919 2291 Ἀγριᾶνας
932 2205 988 2273 καὶ
1005 2204 1084 2286 τοῦς
1096 2203 1191 2286 τοξότ
1308 2203 1309 2276 ἶ

202 2314 295 2384 ὃτας
322 2303 435 2397 δρόμφ
461 2302 506 2384 ὠς
532 2305 586 2373 ἐπὶ
611 2303 671 2374 τόν
697 2304 855 2393 ποταμόν.
896 2307 953 2374 καὶ
976 2312 1106 2394 πρῶτος
1129 2305 1231 2394 μένεο
1308 2345 1309 2377 ι

236 2403 337 2486 αῦτδς
350 2405 487 2492 φθάσας
502 2409 678 2494 διαβαίνει·
696 2419 766 2486 τοῖς
778 2413 977 2488 τελευταίοις
992 2407 1030 2476 δὲ
1044 2401 1088 2486 ῦς
1102 2405 1193 2476 εἶδεν

237 2508 463 2594 ἐπικειμένους
486 2506 566 2588 τοῦς
584 2513 762 2595 πολεμίους
781 2507 956 2596 ἐπιστήσας
975 2509 1029 2577 ἐπὶ
1045 2513 1087 2597 τῇ
1105 2506 1192 2597 όχθη

234 2607 293 2685 τάς
309 2607 459 2695 μηχανάς
479 2609 693 2692 ἐξακοντίζειν
716 2606 760 2690 οἱς
778 2607 980 2699 πορρωτάτω
999 2607 1059 2677 ἀπ’
1079 2605 1193 2678 αὐτόν

237 2708 412 2778 ἐκέλευσεν
429 2709 492 2778 ὅσα
509 2707 575 2778 άπδ
593 2715 752 2797 μηχανῶν
768 2711 848 2798 βέλη
867 2711 1114 2794 ἐξακοντίζεται·
1137 2709 1194 2778 καί
1225 2757 1227 2760 -

235 2807 315 2889 τοῦς
332 2808 467 2890 τοξότας
491 2809 529 2878 δὲ
554 2812 589 2879 ἐκ
613 2812 717 2898 μέσον
746 2816 808 2880 τοῦ
832 2817 982 2899 ποταμοῦ
1010 2810 1193 2892 ἐκτοξεύειν
1206 2841 1232 2882 τι
1307 2803 1308 2809 ¹

237 2909 440 2996 ἐπεσβάντας
452 2912 510 2979 καὶ
526 2910 675 2991 τοῦτους.
701 2912 757 2980 καὶ
775 2916 810 2980 οί
824 2912 887 3001 μὲν
904 2909 991 3001 ἀμφὶ
1007 2911 1066 2982 τόν
1080 2921 1193 2983 Γλαυ-

235 3017 313 3078 κίαν
331 3021 410 3080 είσω
428 3014 548 3100 βέλους
561 3021 747 3102 παρελθεῖν
760 3008 823 3082 οῦκ
838 3013 1001 3102 ἐτόλμων·
1028 3018 1063 3082 oc
1074 3024 1194 3084 Μακε-

236 3110 333 3192 δόνες
351 3112 388 3180 δέ
406 3115 442 3182 ἐν
458 3112 565 3206 τοάτφ
589 3111 748 3202 άσφαλῦς
772 3115 939 3202 ἐπέρασαν
954 3113 1017 3184 τόν
1034 3113 1195 3202 ποταμόν,

237 3210 322 3282 ὥστε
340 3211 452 3294 οὐδεὶς
470 3211 642 3284 άπέθαυεν
660 3217 697 3284 ἐν
713 3219 756 3305 τῇ
773 3212 980 3304 ἀποχωρήσει
997 3214 1119 3284 αῦτῦν.

200 3323 220 3375 9
317 3320 419 3405 Τρίτη
433 3315 471 3385 δὲ
484 3313 542 3385 άπ’
562 3318 692 3404 ἐκείνης
704 3313 813 3407 ἡμέρμ
825 3315 1195 3404 καταμαθάνἈλεξαν-
1208 3348 1235 3388 ιο

235 3419 314 3503 δρος
342 3422 453 3502 κακῶς
481 3415 715 3506 αὐλιζομένους
744 3418 824 3498 τοῦς
855 3415 941 3506 ἀμφὶ
966 3426 1109 3489 Κλεῖτον
1139 3419 1196 3488 καλ

235 3523 425 3604 Γλαυκίαν,
456 3519 512 3586 καὶ
542 3513 621 3588 οῦτε
650 3516 803 3606 φυλακάς
830 3519 866 3586 ἐν
896 3525 937 3608 τῇ
960 3518 1048 3601 τάξει
1078 3517 1196 3603 αῦτοῑς
