2650 3948
482 247 665 300 εαεεεειε
684 251 707 312 1,
725 251 750 302 ε.
1066 252 1108 316 15

145 387 203 456 καί
226 391 294 456 τῶν
311 391 418 470 ψιλῶν
435 381 499 456 οόκ
522 384 630 474 όλίχοι
648 394 722 458 ἔστε
746 389 801 458 ἐπὶ
824 386 861 458 τό
881 389 1106 479 στρατόπεδον

144 486 397 576 ἠκροβολίζοντο
429 491 462 569 ἐς
490 487 548 568 τάς
574 489 811 580 προφυλακάς,
841 497 901 559 καί
926 519 1019 574 τινας
1049 495 1106 564 καλ

146 588 346 660 ἀπέκτειναν
372 587 413 660 ού
432 588 578 670 πολλούς
601 595 670 660 τῶν
688 590 906 662 Μακεδόνων.
941 595 998 662 καὶ
1012 593 1104 665 Ἀλέ-
1138 610 1156 661 v

146 693 288 780 ξανδρος
307 692 463 778 ἐκπέμπει
478 697 548 760 τῶν
566 695 674 773 ψιλῶν
691 693 747 761 καλ
764 695 918 782 τοξοτῶν,
937 693 1021 766 ῶστε
1037 695 1104 767 αύ-

107 807 120 848 ⁶
144 799 214 863 τῶν
232 790 423 862 ἀναστεῖλαι
438 791 502 880 τήν
520 791 699 882 ἐκδρομήν·
719 794 775 862 καὶ
793 787 886 864 οὗτοι
898 793 939 864 ού
952 803 1104 884 χαλεπῶς

146 892 340 964 ἀνέστειλαν
362 893 427 982 ἤδη
451 898 499 986 τῷ
523 896 735 988 στρατοπέδῳ
760 891 855 988 αύτῷ
871 899 1104 988 προσφερομέ-

145 1021 237 1076 νους.
271 1001 313 1086 τῇ
328 994 365 1064 δὲ
377 989 538 1086 ύστεραία
555 992 736 1082 ἀναλαβῶν
747 995 810 1084 τήν
824 997 980 1086 στρατιάν
993 1005 1106 1070 πᾶσαν

145 1097 204 1166 καὶ
227 1095 415 1185 περιελθῶν
442 1095 526 1165 κατά
549 1095 608 1177 τάς
637 1096 747 1178 πύλας
770 1095 828 1177 τάς
851 1099 1019 1188 φερούσας
1050 1099 1102 1170 ἐπ’

143 1193 340 1285 Ἐλευθεράς
356 1225 392 1267 τε
409 1199 465 1266 καὶ
481 1195 545 1286 τὴν
559 1195 723 1286 Ἀττικήν,
741 1195 823 1268 οὐδὲ
840 1198 911 1269 τότε
929 1202 1105 1291 προσέμιξε

107 1317 133 1357 ¹⁰
146 1314 217 1380 τοῖς
234 1307 376 1387 τείχεσιν
394 1295 520 1386 αὐτοῖς,
542 1294 617 1368 ἀλλ’
639 1300 939 1387 ἐστρατοπέδευσεν
956 1301 996 1372 ου’
1016 1303 1103 1372 πολύ

147 1398 282 1488 ἀπέχων
304 1406 363 1488 τῆς
387 1404 574 1488 Καδμείας,
602 1399 686 1470 ῶστε
712 1399 812 1488 ἐγγύς
836 1399 923 1470 εἶναι
940 1400 1105 1491 ῶφέλειαν

145 1507 214 1572 τῶν
231 1498 443 1572 Μακεδόνων
458 1517 529 1582 τοῖς
545 1499 607 1588 τὴν
624 1506 798 1590 Καδμείαν
816 1509 959 1590 ἐχουσιν.
990 1509 1026 1574 οί
1039 1504 1103 1593 γάρ
1123 1517 1157 1568 1⁰

149 1609 289 1690 Θηβαῖοι
301 1601 363 1690 τὴν
374 1607 550 1690 Καδμείαν
563 1607 670 1694 διπλῶ
683 1601 802 1691 χάρακι
813 1603 1005 1694 ἐφρούρουν
1018 1603 1104 1674 ἀπο-

145 1711 364 1793 τειχίσαντες,
391 1701 435 1784 ῶς
458 1702 539 1791 μήτε
564 1705 691 1785 ἔξωθέν
706 1730 780 1773 τινα
797 1719 867 1785 τοῖς
891 1707 1105 1794 ἐγκατειλημ-

108 1823 135 1865 1⁵
147 1808 258 1895 μένοις
276 1803 445 1874 δύνασθαι
464 1806 665 1892 ἐπωφελεῖν,
683 1803 765 1893 μήτε
782 1802 907 1887 αύτούς
926 1808 1105 1888 ἐκθέοντας

145 1906 305 1996 βλάπτειν
322 1934 353 1976 τι
370 1909 458 1994 σφάς
476 1903 577 1976 ὁπότε
594 1920 663 1986 τοῖς
688 1907 751 1988 ἔξω
768 1914 937 1995 πολεμίοις
954 1909 1105 1998 προσφέ-

147 2035 268 2098 ροιντο.
299 2006 515 2095 Ἀλέξανδρος
540 2007 581 2076 δέ
603 2004 668 2095 (ἔτι
691 2006 755 2095 γάρ
778 2022 849 2088 τοῖς
869 2015 1025 2096 Θηβαίοις
1050 2008 1104 2078 διά

146 2118 260 2197 φιλίας
278 2111 393 2178 ἐλθεῖν
410 2106 539 2197 μάλλόν
555 2135 586 2176 τι
601 2105 623 2196 ἢ
641 2106 696 2177 διά
720 2108 880 2178 κινδύνου
897 2108 1015 2202 ἤθελε)
1034 2110 1105 2180 διέ-

146 2218 238 2299 τριβε
261 2207 345 2300 πρός
367 2215 409 2300 τῇ
427 2215 581 2300 Καδμείᾳ
599 2210 978 2298 κατεστρατοπεδευκώς.
1018 2216 1105 2280 ἔνθα
1124 2223 1154 2272 11

108 2329 134 2372 ⁸⁰
148 2311 189 2400 δὴ
213 2314 283 2382 τῶν
309 2317 466 2399 Θηβαίων
492 2315 528 2380 οί
546 2309 609 2399 μὲν
631 2307 672 2378 τά
694 2311 847 2398 βέλτιστα
874 2313 906 2392 ἐς
929 2311 966 2380 τό
992 2309 1106 2382 κοινόν

147 2411 389 2501 γιγνώσκοντες
418 2413 567 2494 ἐξελθεῖν
595 2411 747 2502 ῶρμηντο
774 2409 853 2502 παρ’
885 2405 1107 2500 Ἀλέξανδρον

146 2515 204 2584 καὶ
227 2511 385 2602 εύρέσθαι
409 2509 614 2602 συγγνώμην
636 2518 683 2604 τῷ
711 2511 832 2600 πλήθει
856 2519 925 2582 τῶν
949 2519 1106 2602 Θηβαίων

145 2622 206 2704 τῆς
220 2611 448 2695 ἀποστάσεως·
467 2617 502 2682 οἱ
517 2612 666 2703 φυγάδες
681 2613 719 2682 δὲ
735 2614 792 2682 καὶ
809 2613 881 2683 όσοι
897 2613 976 2695 τούς
992 2613 1106 2704 φυγά-

147 2723 208 2796 δας
227 2717 473 2804 ἐπικεκλημένοι
489 2707 593 2802 ἦσαυ,
618 2712 758 2795 ούδενδς
781 2715 1026 2806 φιλανθρώπου
1043 2743 1105 2784 τν-

109 2837 135 2878 25
148 2832 222 2908 χείν
245 2814 290 2886 ἀν
312 2815 392 2906 παρ’
415 2815 636 2905 Ἀλεξάνδρου
662 2813 849 2902 ἀξιοῦντες,
873 2814 981 2897 άλλως
997 2842 1034 2885 τε
1048 2815 1106 2884 καλ

146 2921 430 3008 βοιωταρχοῦντες
449 2923 537 2986 ἐστιν
554 2923 591 2986 οἳ
604 2913 736 3002 αὐτῶν,
755 2915 966 2986 παντάπασιν
985 2919 1106 3005 ἐνῆγον

146 3019 184 3090 τό
210 3023 341 3108 πλῆθος
366 3023 400 3100 ἐς
425 3017 486 3088 τόν
508 3018 663 3106 πόλεμον.
711 3015 926 3108 Ἀλέξανδρος
958 3016 996 3087 δὲ
1026 3013 1104 3089 οὐδ’

148 3119 193 3202 ῶς
210 3127 252 3212 τῇ
270 3119 365 3190 πόλει
381 3120 597 3210 προσέβαλεν.

218 3220 317 3292 Ἀλλά
336 3221 424 3308 λέγει
440 3229 647 3308 Πτολεμαῖος
664 3216 682 3289 ό
700 3219 817 3306 Λάγου
836 3218 888 3290 ότι
903 3224 1104 3309 Περδίκκας,
1126 3227 1147 3294 8

109 3341 134 3384 ³⁰
146 3323 411 3412 προτεταγμένος
427 3327 485 3409 τῆς
499 3324 651 3409 φυλακῆς
663 3323 727 3390 τού
745 3323 971 3410 στρατοπέδου
985 3318 1051 3389 σύν
1063 3326 1104 3410 τῇ

147 3419 256 3496 αύτοῶ
271 3423 360 3506 τάξει
376 3425 433 3492 καὶ
449 3427 511 3491 τοῦ
529 3421 672 3511 χάρακος
689 3423 759 3491 τῶν
776 3427 945 3510 πολεμίων
962 3417 1003 3489 ού
1018 3420 1106 3490 πολὺ

130 3524 360 3616 ,ἀφεστηκῶς,
386 3521 428 3595 ού
454 3529 657 3616 προσμείνας
681 3519 755 3615 παρ’
778 3520 997 3613 Ἀλεξάνδρου
1014 3519 1052 3590 τό
1071 3523 1106 3602 ές
