2664 3946
487 259 674 312 εαεεεειε
692 263 717 324 ι,
736 261 776 310 ιο.
1049 257 1108 321 121

151 424 270 488 χοντος
291 397 482 488 Ἀθηναίοις
503 397 767 489 Ἀριστοφάνους
783 400 888 486 μηνὸς
906 401 1111 478 Πυανεψιῶ-

151 519 227 582 νος·
254 502 311 569 καὶ
325 499 552 592 Ἀριστάνδρῳ
570 501 693 589 ξυνέβη
711 499 732 588 ή
745 508 886 588 μαντεία
901 501 938 569 ἐν
954 503 1002 591 τῷ
1016 499 1110 591 αὐτῷ

152 603 233 690 μηνὶ
252 604 289 670 ἐν
313 599 380 694 ὅτῳ
403 601 425 688 ή
444 602 565 690 σελήνη
591 601 726 689 ἐκλιπὴς
747 601 854 689 ἐφάνη
871 600 933 690 τήν
949 628 985 670 τε
1002 602 1112 690 μάχην

149 702 361 795 Ἀλεξάνδρῳ
378 704 437 772 καλ
454 703 516 790 τήν
533 711 632 792 νίκην
649 703 817 790 γενέσθαι.

1 871 4 887 ,
127 830 141 872 ι
230 817 377 893 Δαρεῖος
389 803 452 892 μέν
466 805 508 892 δή
523 804 631 884 εάδύς
647 808 683 874 ἐκ
696 807 754 892 τῆς
767 805 875 893 μάχης
889 803 980 893 παρά
992 805 1034 872 τὰ
1051 802 1111 892 όρη
1124 816 1161 882 16

153 905 194 974 τά
212 906 397 996 Ἀρμενίων
414 904 561 994 ἤλαυνεν
577 908 632 976 ἐπὶ
646 912 796 994 Μηδίας,
814 907 872 974 καὶ
890 905 952 987 ξδν
970 904 1063 996 αὐτῶ
1079 909 1114 976 οἳ

153 1034 189 1076 τε
206 1008 363 1096 Βάκτριοι
382 1013 507 1094 ἱππεῖς,
525 1006 571 1087 ῶς
587 1007 664 1076 τότε
682 1011 719 1077 έν
735 1011 777 1096 τῇ
795 1007 885 1096 μάχη
904 1006 1112 1096 ξυνετάχθη-

154 1129 238 1197 σαν,
265 1117 412 1197 ἔφευγον
428 1111 486 1178 καὶ
504 1111 648 1198 Περσῶν
666 1113 701 1178 οἳ
715 1135 751 1178 τε
769 1123 946 1194 συγγενεῖς
963 1113 1000 1177 οί
1013 1116 1112 1198 βασι-

154 1210 239 1291 λέως
268 1212 326 1280 καὶ
354 1214 424 1279 τῶν
446 1209 650 1300 μηλοφόρων
673 1209 893 1297 καλουμένων
917 1208 957 1279 ου’
982 1217 1111 1280 πολλοί.

116 1341 142 1380 ιο
155 1311 399 1401 προσεγένοντο
409 1311 447 1382 δέ
456 1310 550 1404 αὐτῷ
560 1312 644 1380 κατὰ
652 1312 714 1398 τήν
722 1307 838 1400 φυγήν
846 1312 904 1379 καὶ
913 1314 982 1378 τῶν
990 1323 1112 1398 μισθο·
1130 1332 1145 1379 2

155 1413 273 1503 φόρων
287 1413 393 1495 ξένων
408 1417 440 1493 ές
454 1418 650 1501 δισχιλίους,
668 1409 729 1494 οὓς
744 1412 872 1503 Πάρων
888 1437 924 1482 τε
937 1411 956 1482 ό
973 1413 1113 1492 Φωκεδς

155 1517 213 1584 καὶ
223 1517 377 1595 Γλαῦκος
390 1514 409 1582 δ
424 1515 578 1595 Αίτωλδς
593 1506 684 1601 ἦγον.
710 1515 818 1604 ταότη
833 1513 872 1584 δὲ
885 1513 978 1606 ου’τῶ
989 1512 1113 1603 ήφυγή

158 1618 214 1686 ἐπὶ
232 1620 370 1704 Μηδίας
390 1619 540 1703 ἐγίγνετο
562 1614 611 1684 ὅτι
636 1614 743 1686 ἐδόκει
758 1616 821 1704 τήν
841 1617 896 1685 ἐπὶ
915 1615 1062 1686 Σοόσων
1078 1641 1114 1684 τε

157 1718 215 1786 καὶ
233 1720 438 1804 Βαβυλῶνος
456 1716 544 1805 ἥξειν
558 1716 779 1804 Ἀλέξανδρον
799 1720 835 1787 ἐκ
852 1719 909 1805 τής
927 1718 1046 1806 μάχης,
1064 1713 1114 1785 ὅτι

120 1847 144 1886 ιο
158 1818 340 1905 οἰκουμένη
364 1845 399 1888 τε
418 1823 527 1908 ἐκείνη
551 1822 642 1888 πᾶσα
659 1809 701 1905 ήν
718 1821 776 1888 καὶ
794 1817 875 1898 όδδς
897 1834 968 1899 τοῖς
992 1839 1113 1888 σκευο-

158 1918 276 2006 φόροις
299 1918 340 1988 οό
360 1920 507 2006 χαλεπή,
529 1922 587 1989 καὶ
609 1918 678 2009 ἅμα
695 1924 756 1989 τοῦ
775 1920 924 2008 πολέμου
948 1919 986 1990 τδ
1005 1911 1114 1990 ἆθλον

156 2019 366 2110 ήΒαβυλῶν
383 2023 440 2090 καὶ
463 2020 505 2089 τά
524 2024 642 2092 Σοῦσα
661 2025 835 2109 ἐφαίνετο·
862 2020 939 2110 ήδέ
958 2023 1013 2090 ἐπὶ
1032 2030 1113 2110 Μη-

157 2129 233 2202 δίας
250 2123 386 2214 μεγάλῳ
404 2121 625 2210 στρατεύματι
642 2121 706 2192 οὐκ
723 2121 877 2210 εὔπορος.

234 2226 304 2294 Καὶ
322 2223 385 2294 οὐκ
404 2223 555 2311 έιίιεόσδη
574 2237 727 2313 Δαρεῖος.
760 2224 977 2312 Ἀλέξανδρος
995 2223 1061 2310 γάρ
1081 2226 1114 2305 ἐξ
1132 2244 1147 2292 3

119 2355 145 2394 ω
155 2326 326 2414 Ἀρβήλων
343 2323 506 2417 ὁρμηθεὶς
519 2325 580 2413 τήν
595 2328 650 2395 ἐπὶ
663 2330 869 2414 Βαβυλῶνος
883 2323 990 2404 εόθός
1004 2323 1114 2412 προό-

157 2427 264 2516 χῶρει.
306 2425 370 2516 ήδη
400 2455 436 2497 τε
467 2426 508 2496 οὐ
539 2426 653 2516 πόρρω
676 2430 882 2516 Βαβυλῶνος
905 2418 947 2514 ήν
971 2427 1029 2494 καλ
1051 2426 1115 2513 τήν

159 2529 305 2616 δυ’ναμιν
329 2527 597 2615 ξυντεταγμένην
624 2527 670 2607 ῶς
695 2531 728 2607 ές
752 2528 862 2616 μάχην
887 2518 964 2616 ήγε,
994 2528 1051 2596 καὶ
1081 2532 1118 2596 οί

158 2628 370 2718 Βαβυλῶνιοι
387 2631 553 2717 πανδημεὶ
567 2627 725 2716 άπήντων
739 2629 832 2721 αὐτῷ
852 2629 916 2711 ξδν
936 2633 1064 2718 ίερεῶσί
1078 2656 1114 2700 τε

159 2735 258 2819 σφῶν
275 2733 333 2800 καὶ
348 2729 500 2820 ἄρχουσι,
517 2730 610 2818 δῶρά
627 2756 663 2799 τε
680 2730 726 2810 ῶς
741 2733 872 2800 ἕκαστοι
885 2730 1044 2820 φέροντες
1057 2733 1115 2800 καὶ

121 2859 146 2900 ιε
158 2833 221 2920 τήν
235 2833 334 2902 πόλιν
350 2831 537 2910 ἐνδιδόντες
550 2833 607 2900 καὶ
620 2830 682 2918 τήν
699 2830 807 2920 άκραν
820 2835 878 2901 καὶ
895 2831 936 2901 τά
954 2832 1113 2920 χρήματα.

155 2933 375 3023 Ἀλέξανδρος
393 2933 432 3002 δὲ
449 2931 631 3022 παρελθῶν
644 2941 693 3014 είς
706 2934 768 3020 τήν
781 2936 972 3023 Βαβυλῶνα
984 2932 1025 3000 τά
1042 2933 1113 3020 ίερά
1131 2950 1148 3000 ⁴

159 3032 180 3104 ά
204 3035 329 3126 Ξέρξης
353 3043 511 3104 καθεῖλεν
535 3032 768 3123 άνοιαοδομείν
794 3035 975 3124 προσέταξε
998 3042 1114 3123 Βαβυ·

160 3145 307 3226 λωνίοις,
323 3136 365 3205 τά
381 3163 417 3206 τε
434 3135 519 3206 άλλα
536 3137 593 3204 καλ
610 3139 671 3205 τοῦ
691 3135 803 3224 Βήλου
817 3137 855 3205 τδ
873 3136 977 3224 ίερόν,
994 3131 1034 3204 δν
1047 3135 1114 3222 μά-

160 3248 255 3310 λιστα
272 3242 364 3309 θεῶν
381 3242 498 3326 τιμῶσι
516 3237 735 3326 Βαβυλῶνιοι.
767 3237 941 3326 σατράπην
959 3234 997 3305 δὲ
1014 3235 1115 3304 κατέ-

123 3367 147 3408 ιο
160 3361 259 3429 στησε
283 3347 515 3428 Βαβυλωνίων
533 3346 706 3430 Μαζαῖον,
725 3338 979 3430 Ἀπολλόδωρον
1000 3337 1039 3407 δὲ
1055 3337 1116 3406 τὸν

156 3441 396 3530 Ἀμφιπολίτην
413 3439 601 3528 στρατηγὸν
617 3443 687 3509 τῶν
704 3441 785 3531 μετά
804 3448 959 3526 Μαζαίου
977 3437 1116 3510 άπολει-

160 3543 318 3632 πομένων
328 3543 552 3631 στρατιωτῶν,
567 3543 624 3610 καὶ
634 3541 922 3632 Ἀσκληπιόδωρον
930 3541 990 3612 τὸν
1001 3549 1116 3612 Φίλω-
