2650 3948
484 237 666 290 mmm
685 241 709 303 1,
724 233 769 292 τι.
1064 238 1106 304 51¹

142 377 184 446 δὲ
210 382 362 448 οἰκοῦσιν
387 374 608 465 ύπερύψηλον
625 379 682 447 καὶ
700 377 807 466 πάντη
824 375 1007 467 ἀπότομον·
1051 379 1106 448 καί

142 471 163 566 ἦ
185 476 265 558 ὁδὸς
282 477 372 568 παρά
391 478 453 566 τὴν
471 478 568 548 πόλιν
585 480 721 568 χαλεπή.
754 479 893 567 καθήκει
909 479 975 568 γάρ
995 483 1030 550 ἐκ
1047 487 1105 568 τῆς
1124 497 1142 550 δ

143 579 275 660 πόλεως
306 579 385 668 ὄρος
416 586 489 650 ἔστε
521 580 575 648 ἐπὶ
603 580 664 668 τὴν
693 579 795 669 ὁδόν,
834 583 891 651 καὶ
917 588 1015 651 τούτο
1044 583 1106 670 μὲν

144 679 253 750 αὐτοῦ
278 683 315 749 ἐν
339 687 381 771 τῇ
399 675 470 773 ὁδῶ
487 677 711 752 ἀποπαύεται·
760 681 942 773 ἀντίπορον
959 683 997 753 δὲ
1015 682 1106 776 αύτῷ

116 781 228 854 εάλλο
253 780 332 870 όρος
358 783 449 851 ἐστὶν
472 781 513 852 ού
537 798 632 871 μεῖον
654 783 831 872 ἀπότομον.
865 785 922 854 καί
944 791 1049 854 ταῦτα
1066 784 1107 854 τὰ

142 883 206 971 όρη
227 883 339 971 ῶσπερ
358 883 467 964 πύλας
485 899 574 954 ποιεί
590 886 644 953 ἐπὶ
660 889 702 975 τῇ
722 883 809 977 ὁδῶ,
827 887 883 954 καὶ
901 891 989 954 ἔστιν
1006 881 1105 975 ὀλίγη

142 989 284 1075 φυλακῇ
299 985 497 1073 κατέχοντας
514 983 554 1054 τά
572 985 635 1075 ὅρη
652 992 757 1056 ταῦτα
775 983 902 1075 ἄπορον
918 1002 1027 1055 ποιεῖν
1043 986 1106 1074 την

143 1085 306 1176 πάροδον.
333 1087 389 1154 καὶ
401 1086 474 1156 τότε
493 1091 528 1156 οἱ
544 1097 746 1176 Τερμησσεῑς
763 1089 930 1176 πανδημεί
948 1092 1101 1175 ἐκβεβοη-

141 1187 286 1275 θηκότες
304 1185 474 1276 ἀμφότερα
491 1187 532 1256 τά
549 1187 611 1278 ὄρη
629 1203 791 1276 κατεῖχον.
830 1195 936 1258 ταῦτα
960 1189 1001 1277 δὴ
1022 1189 1139 1261 ίδῶντ

104 1319 130 1360 ιο
140 1285 359 1377 Ἀλέξανδρος
395 1289 717 1376 στρατοπεδεύεσθαι
751 1287 856 1359 αύτοῦ
893 1289 983 1369 ὅπως
1015 1289 1105 1378 είχον

145 1393 277 1460 ἐκέλευε
311 1389 391 1469 τούς
421 1391 641 1478 Μακεδόνας,
677 1390 780 1478 γνούς
816 1387 867 1460 ὅτι
895 1389 936 1460 ού
967 1398 1106 1478 μενοῦσι

144 1491 314 1579 πανδημεί
331 1495 366 1560 οί
387 1501 588 1580 Τερμησσελς
606 1489 840 1581 αὐλιζομένους
858 1497 945 1580 σφᾶς
964 1491 1104 1578 ίδόντες,

144 1590 218 1662 ἀλλ’
244 1591 518 1681 ἀποχωρήσουσιν
537 1595 570 1672 ἐς
587 1591 649 1680 τὴν
671 1593 770 1663 πόλιν
788 1601 930 1680 πλησίον
947 1584 1054 1661 ούσαν
1072 1597 1108 1661 οί

145 1695 266 1763 πολλοὶ
283 1691 416 1780 αύτῶν,
436 1693 518 1762 ὅσον
536 1691 692 1780 φυλακὴν
710 1694 944 1774 καταλιπόντες
963 1695 1018 1763 ἐπὶ
1034 1708 1104 1774 τοῖς

106 1823 131 1865 ιτ
144 1795 246 1882 όρεσι.
279 1795 336 1863 καὶ
353 1795 475 1882 ξυνέβη
492 1793 582 1874 ὅπως
601 1803 742 1879 εἴκαζεν·
774 1799 810 1864 οί
823 1795 886 1884 μὲν
903 1794 967 1885 γάρ
985 1796 1104 1865 πολλοὶ

144 1891 260 1967 αὐτῶν
283 1895 454 1984 ἀπῆλθον,
480 1901 517 1965 αί
538 1897 686 1983 φυλακαὶ
710 1895 747 1965 δέ
767 1897 1007 1984 ἐγκατέμειναν.
1047 1897 1137 1969 καίῦ

147 2000 202 2069 ἐπὶ
232 1997 372 2078 τούτους
397 1995 502 2078 εὐθύς
526 1995 707 2085 ἀναλαβών
728 1997 807 2078 τούς
830 2025 866 2067 τε
888 1998 1024 2081 τοξότας
1047 1999 1104 2066 καὶ

144 2100 205 2180 τάς
233 2104 301 2168 τῶν
329 2096 532 2168 ἀκοντιστῶν
561 2098 666 2181 τάξεις
695 2099 751 2167 καὶ
774 2105 843 2168 τῶν
866 2095 1013 2168 ὁπλιτῶν
1033 2099 1105 2168 ὅσοι

145 2197 346 2289 κουφότεροι
360 2199 537 2288 ἐπήγαγεν.
565 2205 599 2269 οί
612 2201 649 2270 δὲ
663 2194 725 2268 ούκ
744 2206 877 2288 ἔμειναν
892 2198 1103 2288 βαλλόμενοι,

108 2331 133 2372 ιο
146 2300 231 2371 ἀλλά
250 2307 365 2371 ἔλιπον
381 2300 418 2370 τδ
436 2307 574 2389 χωρίον·
601 2302 658 2370 καὶ
671 2299 886 2388 Ἀλέξανδρος
902 2298 1103 2389 ύπερβαλῶν

144 2402 186 2474 τά
206 2402 304 2472 στενά
322 2401 406 2491 πρός
422 2409 464 2490 τῇ
482 2401 578 2471 πόλει
594 2403 944 2491 κατεστρατοπέδευσε.

227 2504 290 2574 Καὶ
315 2506 461 2572 ἐνταῦθα
485 2500 706 2591 ἀφικνοῦνται
722 2499 802 2591 παρ’
822 2499 926 2571 αύτόν
944 2503 1101 2588 Σελγέων
1110 2509 1150 2574 28

146 2607 309 2696 πρέσβεις.
340 2609 375 2673 οί
390 2605 432 2673 δέ
446 2609 510 2675 είσι
527 2605 583 2672 καὶ
601 2602 698 2674 αὐτοὶ
715 2608 852 2674 Πισίδαι
868 2603 1030 2692 βάρβαροι
1046 2605 1103 2674 καὶ

147 2707 245 2778 πόλιν
262 2705 410 2794 μεγάλην
428 2710 560 2774 οίκούσι
577 2706 632 2774 καὶ
650 2703 745 2775 αὐτοὶ
762 2704 900 2794 μάχιμοί
914 2711 1013 2774 εἰσιν·
1053 2705 1103 2776 ὅτι

109 2837 134 2878 ω
148 2809 185 2878 δὲ
204 2809 353 2895 πολέμιοι
377 2821 447 2886 τοῖς
470 2812 717 2896 Τερμησσεῦσιν
744 2809 780 2874 ἐκ
797 2811 941 2877 παλαιοῦ
960 2803 1102 2895 ἐτύγχα-

146 2938 225 2996 νον,
250 2906 337 2994 ὑπὲρ
356 2915 468 2996 φιλίας
486 2906 569 2996 πρὸς
583 2905 801 2996 Ἀλέξανδρον
818 2910 1102 2997 πεπρεσβευμένοι

147 3004 245 3099 ἦσαν.
278 3010 335 3078 καὶ
352 3008 437 3100 πρός
453 3008 593 3088 τούτους
612 3012 788 3078 σπένδεται
801 3006 1028 3097 Ἀλέξανδρος,
1046 3009 1102 3079 καί

149 3116 184 3182 ἐκ
202 3110 322 3182 τούτου
340 3125 469 3190 πιστοῖς
484 3113 516 3191 ές
530 3110 660 3179 ἅπαντα
674 3110 842 3200 ἐχρήσατο.
869 3109 932 3198 τὴν
950 3121 1098 3200 Τερμησ-
1118 3130 1135 3181 2

149 3213 210 3284 σόν
234 3213 271 3281 δὲ
295 3209 430 3298 ἀπέγνω
456 3214 544 3280 ἑλεῖν
562 3209 605 3280 ἀν
623 3214 659 3281 ἐν
677 3209 781 3305 ὀλίγῳ
800 3210 931 3304 χρόνῳ,
958 3209 1027 3280 ἀλλ’
1048 3216 1102 3282 ἐπὶ

114 3319 375 3402 ιοΣαγαλασσοῦ
401 3314 577 3382 ἐστέλλετο.
615 3304 659 3400 ἦν
685 3312 722 3382 δέ
747 3314 803 3381 καὶ
828 3312 912 3401 αὕτη
937 3309 977 3382 ού
1001 3312 1100 3403 μικρά

149 3417 257 3498 πόλις·
306 3420 442 3485 Πισίδαι
470 3414 527 3482 καὶ
555 3412 680 3500 ταύτην
711 3412 839 3504 ῶκουν,
874 3414 930 3482 καὶ
961 3414 1102 3483 ἐδόκουν

148 3519 282 3589 πάντων
298 3521 446 3588 Πισιδῶν
463 3521 616 3604 μαχίμων
629 3513 737 3584 όντων
751 3509 846 3583 αύτοί
861 3513 947 3583 εἶναι
961 3518 996 3582 οί
1004 3541 1100 3602 μαχι-

914 3630 950 3675 4.
