2678 3950
493 240 681 293 ΑΝΑΒΑΣΙΣ
700 244 729 306 ι,
748 245 772 294 ε.
1059 240 1120 306 251

157 397 246 488 ἀμφὶ
264 399 324 468 τδν
342 408 554 489 Πτολεμαῖον
573 401 772 488 ἐμπίπτοιεν.
808 401 893 471 ἐπάν
911 401 948 472 δὲ
966 399 1120 489 ἀφίκων-
1140 409 1155 458 ⁷

157 529 209 570 ται
228 503 260 581 ἐς
273 500 332 580 τάς
346 501 514 590 ξυμβολάς
527 507 588 571 τοῦ
601 528 637 570 τε
643 499 817 573 Ἀκεσίνου
832 504 889 571 καὶ
902 505 962 571 τού
973 500 1120 590 ‘Neam'-

158 629 218 670 του
245 607 411 688 ποταμοῦ,
441 606 592 672 ἐνταῦθα
610 602 647 672 δὲ
672 603 751 683 τούς
767 630 803 672 τε
820 603 1016 691 φθάνοντας
1032 597 1121 672 ἀπο-

158 704 271 790 μένειν
298 704 473 772 ἐκέλευσεν
500 699 569 772 ἔστ’
598 699 640 771 ἀν
660 702 722 793 ήκή
742 702 844 784 αύτὸς
863 707 920 773 καὶ
936 703 1017 785 τούς
1035 702 1122 792 ἀμφὶ

133 803 334 895 εΚράτερου
360 805 416 872 καί
443 813 654 892 Πτολεμαῖον
682 803 776 896 αύτῷ
795 807 995 892 ξυμβαλεῖν.

177 967 179 970 .
234 903 347 985 Αάτδς
383 904 421 974 δὲ
453 903 635 994 ἀυαλαβῶν
660 904 740 986 τούς
766 905 979 986 ύπασπιστάς
1004 933 1040 975 τε
1065 908 1158 986 καὶὸ

157 1005 237 1086 τούς
254 1005 391 1088 τοξότας
417 1009 474 1076 καὶ
500 1005 581 1086 τούς
596 1005 772 1094 Ἀγριάνας
798 1008 855 1074 καὶ
880 1013 949 1075 τῶν
973 1013 1122 1090 πεζεταί-

124 1173 126 1177 .
159 1136 228 1196 ρων
262 1108 482 1196 καλουμένων
517 1108 578 1195 τήν
610 1115 787 1188 Πείθωνος
805 1107 918 1188 ’τάξιν
955 1109 1013 1178 καί
1043 1107 1123 1188 τούς

160 1207 379 1290 ἱπποτοξότας
405 1237 441 1277 τε
467 1207 594 1288 πάντας
620 1211 677 1277 καὶ
703 1215 772 1278 τῶν
798 1211 928 1279 ἱππέων
944 1216 1014 1278 τῶν
1033 1211 1123 1278 ἑταί-

120 1338 145 1378 ιο
159 1339 229 1396 ρων
246 1309 327 1390 τούς
344 1305 484 1398 ἡμίσεας
502 1307 556 1378 διά
574 1311 636 1396 γῆς
654 1308 807 1398 ἀνύδρου
826 1308 871 1390 ῶς
886 1311 940 1378 ἐπὶ
958 1309 1124 1390 Μαλλούς

158 1405 254 1498 ήγεν,
282 1418 381 1492 ἔθνος
404 1406 549 1480 Ἰνδικὸν
572 1411 691 1481 Ἰνδῶν
716 1413 785 1478 τῶν
812 1410 1021 1500 αὐτονόμων.
1066 1412 1156 1486 καὶε

158 1519 202 1601 τῇ
236 1511 299 1600 μὲν
330 1512 448 1601 πράτῃ
475 1507 820 1600 κατεστρατοπέδευσε
846 1511 929 1601 πρδς
956 1510 1055 1582 ὕδατι
1080 1509 1121 1582 ού

160 1619 287 1704 πολλῷ,
308 1609 328 1680 δ
346 1615 388 1702 δή
407 1610 523 1702 ἀπεῖχε
536 1616 596 1681 τοῦ
607 1611 781 1683 Ἀκεσίνου
796 1619 949 1701 ποταμοῦ
964 1619 1123 1694 σταδίους

160 1721 207 1793 είς
239 1713 370 1782 ἑκατόν·
411 1713 748 1802 δειπνοποιησάμενος
775 1714 814 1784 δὲ
840 1717 896 1784 καὶ
924 1713 1123 1796 ἀναπαύσας

122 1842 147 1884 ιε
160 1813 221 1902 τήν
254 1813 412 1901 στρατιάν
439 1815 479 1884 ού
508 1815 618 1885 πολύν
645 1815 768 1904 χρόνον
801 1818 1023 1904 παραγγέλλει
1049 1817 1069 1886 δ
1094 1843 1125 1884 τι

159 1943 207 1995 τις
242 1921 307 2002 ἔχει
338 1914 441 2003 ἀγγος
468 1919 633 2005 ἐμπλῆσαι
658 1913 793 1997 ύδατος.
821 1917 968 1986 διελθῶυ
1002 1918 1040 1986 δὲ
1064 1923 1123 2004 τής

159 2043 194 2086 τε
215 2013 341 2105 ἡμέρας
358 2016 396 2086 τδ
415 2024 463 2087 ἔτι
479 2012 747 2107 ὑπολειπόμενον
765 2019 822 2086 καί
839 2017 901 2106 τήν
918 2017 1026 2086 νύκτα
1042 2016 1123 2106 ὅλην

160 2122 193 2198 ἐς
219 2125 457 2208 τετρακοσίους
482 2120 625 2208 μάλιστα
644 2125 801 2199 σταδίους
820 2118 888 2208 ἀμα
913 2117 1022 2209 ἡμέρᾳ
1040 2118 1124 2208 πρὸς

160 2219 258 2288 πόλιν
290 2220 430 2308 ἀφίκετο
462 2223 495 2302 ἐς
525 2217 569 2309 ἣν
600 2218 877 2308 ξυμπεφεύγεσαν
908 2223 1028 2288 πολλοὶ
1055 2226 1123 2288 τῶν

121 2349 146 2388 νο
162 2327 323 2392 Μαλλῶν.
351 2327 387 2390 οἱ
398 2322 436 2393 δὲ
449 2321 567 2391 οὔποτ’
588 2319 631 2392 ἀν
644 2326 816 2410 οἰηθέντες
831 2321 884 2390 διά
898 2327 957 2409 τῆς
970 2319 1122 2408 ἀνύδρου
1141 2353 1158 2402 ³

161 2425 276 2492 ἐλθεῖν
295 2423 350 2491 ἐπὶ
369 2430 456 2510 σιγάς
472 2423 692 2512 Ἀλέξανδρον
719 2424 782 2504 ἔξω
809 2449 844 2490 τε
869 2425 927 2508 τῆς
946 2421 1074 2502 πόλεως
1092 2426 1127 2491 οί

161 2523 279 2592 πολλοὶ
293 2524 350 2592 καὶ
364 2523 506 2593 ἀνοπλοι
519 2516 619 2611 ἦσαν·
648 2521 703 2610 ἐφ’
719 2522 786 2614 ὅτῳ
800 2525 858 2591 καὶ
873 2528 976 2610 δῆλος
992 2525 1123 2610 ἐγένετο

160 2624 288 2712 ταύτην
307 2623 446 2710 ἀγαγῶυ
456 2623 686 2714 Ἀλέξανδρος,
703 2620 746 2710 ἣν
760 2623 809 2692 ὅτι
822 2624 964 2711 ἀγαγεῖν
977 2624 1124 2712 χαλεπδν

161 2718 216 2814 ήυ,
245 2725 299 2793 ἐπὶ
324 2731 410 2817 τῷδε
437 2723 519 2796 ούδὲ
545 2739 613 2806 τοῖς
641 2731 808 2814 πολεμίοις
835 2723 886 2794 ὅτι
912 2725 981 2807 ἀξει
1007 2724 1124 2795 πιστδν

122 2854 148 2896 τε
162 2828 326 2915 ἐφαίνετο.
372 2826 502 2906 τούτοις
528 2826 591 2914 μὲν
617 2825 657 2913 δή
685 2825 726 2895 ού
754 2827 1025 2916 προσδοκήσασιν
1053 2829 1124 2894 ε’πι·

162 2929 275 2997 πεσῶν
292 2925 374 3007 τούς
391 2927 455 3015 μὲν
472 2925 619 3007 πολλούς
638 2925 831 2998 ἀπέκτεινεν
850 2927 966 2998 αύτῶν
979 2927 1061 2997 οὐδὲ
1075 2935 1124 3008 είς

161 3024 280 3116 ἀλκήν,
299 3025 355 3098 οἱα
373 3030 415 3115 δή
435 3028 618 3117 ἀνόπλους,
636 3031 836 3118 τραπέντας·
868 3035 939 3098 τῶν
956 3028 995 3098 δὲ
1011 3027 1124 3098 ἀλλων

162 3133 195 3210 ἐς
228 3130 291 3218 τήν
317 3129 416 3198 πόλιν
442 3132 706 3216 κατειληθέντων
723 3130 838 3221 κύκλῳ
856 3131 1056 3219 περιστήσας
1074 3135 1122 3220 τῷ

160 3238 262 3317 τείχει
288 3231 370 3310 τούς
397 3232 530 3318 ἱππίας,
557 3229 608 3300 ὅτι
625 3231 723 3319 μήπω
740 3229 761 3317 ή
781 3231 912 3318 φάλαγξ
930 3237 998 3300 τῶν
1015 3235 1124 3313 πεζῶν

123 3359 148 3399 ιο
160 3325 384 3418 ἠκολουθήκει
401 3331 507 3424 αύτῷ,
526 3329 600 3400 ἀντὶ
618 3331 763 3420 χάρακος
782 3333 944 3421 ἐχρήσατο
961 3336 1004 3420 τή
1019 3336 1122 3422 ἱππςο.

162 3429 207 3512 ῶς
234 3431 273 3502 δὲ
298 3431 436 3519 τάχιστα
462 3437 497 3501 οἱ
521 3432 612 3516 πεζοί
639 3431 813 3519 ἀφίκοντο,
841 3439 1034 3522 Περδίκκαν
1060 3431 1123 3518 μὲν
1140 3462 1176 3510 41

160 3533 223 3621 τήν
255 3560 292 3603 τε
319 3533 423 3604 αὑτοῦ
451 3538 636 3622 ἱππαρχίαν
663 3539 780 3622 ἔχοντα
806 3535 863 3604 καλ
890 3534 952 3623 τήν
975 3524 1123 3602 Κλείτου
