2678 3950
223 228 286 293 228
579 224 829 284 ιιιιτινινοτ

219 386 359 468 Ἰνδοός.
386 384 491 474 ὄνομα
517 385 555 455 δὲ
580 376 622 473 ήν
654 389 702 477 τῷ
737 392 828 455 έθνει
855 394 1103 473 Γλαυγανῖκαι,
1137 383 1185 466 ὥς

224 491 313 574 λέγει
334 487 598 576 Ἀριστόβουλος,
626 485 672 566 ὦς
698 486 736 556 δὲ
763 495 990 576 Πτολεμαῖος,
1017 492 1181 559 Γλαῦσαι.

191 590 393 677 τόποτέρως
421 589 459 658 δὲ
485 594 549 676 έχει
574 586 612 656 τό
640 586 748 675 ὄνομα
765 587 808 657 οὔ
826 615 883 676 μοι
899 591 998 676 μέλει.
1035 587 1127 676 ε’πήει
1144 587 1182 656 δὲ

224 691 286 779 τήν
310 691 423 779 χάραν
444 688 559 758 αὐτοῖν
578 687 795 778 Ἀλέξανδρος
816 695 885 759 τάν
907 716 944 758 τε
962 691 1104 778 ἑταίραν
1124 695 1182 758 ίπ·

225 795 316 862 πίων
344 798 429 878 ἔχων
454 789 534 870 τοός
559 790 699 878 ἡμίσεας
715 791 773 859 καλ
799 793 868 859 τάν
894 793 1001 874 πεζῶν
1018 789 1086 858 άπὸ
1113 791 1182 877 φά-
1211 819 1227 858 ι

225 903 351 980 λαγγος
385 891 524 980 ἑκάστης
552 893 745 972 ἐπιλέκτους
771 891 935 971 καὶτοὺς
963 893 1183 973 ίπποτοξότας
1311 967 1312 976 ¹

225 994 421 1082 ξύμπαντας
446 993 504 1062 καὶ
529 993 611 1073 τούς
632 992 810 1081 Ἀγριᾶνας
840 994 898 1061 καὶ
924 993 1005 1074 τοὺς
1031 993 1182 1074 τοξότας·

191 1110 208 1158 4
226 1099 282 1164 καὶ
300 1095 539 1182 προσεχώρουν
557 1093 650 1187 αὐτῷ
669 1094 832 1184 ὁμολογίᾳ
850 1093 982 1173 πάντες.
1010 1095 1068 1163 καὶ
1087 1101 1184 1183 ἔλαβε

225 1197 336 1276 πόλεις
355 1195 417 1284 μὲν
436 1199 470 1275 ές
486 1195 666 1285 τριάκοντα
683 1198 741 1264 καὶ
760 1195 855 1282 ἑπτά,
882 1187 931 1263 ὦν
948 1200 1005 1263 ἵνα
1023 1194 1185 1283 ὀλίγιστοι

224 1293 311 1386 ήσαν
337 1296 506 1386 οἰκήτορες
531 1303 805 1383 πεντακισχιλίων
828 1293 891 1364 οὐκ
910 1297 1067 1377 ἐλάττους
1085 1289 1183 1386 ήσαν,
1198 1325 1225 1365 ιο

224 1404 360 1470 πολλῶν
393 1398 432 1467 δὲ
464 1400 522 1466 καὶ
552 1397 651 1484 ὑπὲρ·
674 1395 756 1477 τοός
781 1403 941 1485 μυρίους’
986 1399 1044 1467 καὶ
1069 1399 1184 1486 κόμας

224 1501 345 1590 πλήθει
378 1526 415 1569 τε
446 1500 573 1580 πολλάς
607 1505 704 1586 ἔλαβε
735 1500 792 1566 καλ
819 1499 1113 1586 πολυανθρώπους
1140 1495 1182 1569 ου’

225 1619 321 1690 μεῖον
347 1605 416 1670 τῶν
443 1597 583 1669 πόλεων.
623 1599 680 1668 καὶ
705 1599 828 1688 ταότης
853 1603 912 1687 τής
938 1601 1051 1690 χάρας
1066 1601 1184 1693 ΙΠάρῳ

225 1703 339 1792 ἄρχειν
372 1707 489 1770 ἔδωκε·
529 1702 587 1769 καὶ
620 1702 744 1789 Ταξίλῃ
776 1700 815 1769 δὲ
847 1701 1032 1771 διαλλάττει
1059 1705 1184 1792 Πῶρον

225 1806 282 1872 καλ
302 1804 447 1888 Ταξίλην
464 1801 652 1888 ἀποπέμπει
669 1801 778 1871 ὀπίσω
796 1807 845 1882 είς
861 1801 902 1870 τά
920 1801 987 1890 ήθη
1004 1802 1045 1869 τά
1063 1802 1181 1872 αὑτοῦ.
1199 1827 1225 1868 ιι

192 1923 209 1972 ο
297 1902 353 1974 Ἐν
372 1903 482 1993 τούτῳ
502 1901 540 1971 δὲ
558 1903 649 1990 παρά
667 1930 703 1971 τε
718 1901 896 1991 Ἀβισάρου
916 1905 1069 1992 πρέσβεις
1082 1895 1184 1992 ’ήκον,

227 2004 414 2084 ἐνδιδόντες
440 2001 549 2071 αότόν
573 2031 610 2071 τε
631 2001 838 2095 Ἀλεξάνδρῳ
853 2001 1031 2092 Ἀβισάρην
1048 2008 1105 2074 καὶ
1121 2006 1185 2092 τήν

226 2105 339 2194 χάραν
357 2104 436 2193 ὅσης
454 2095 542 2192 ἦρχε.
569 2112 678 2172 καίτοι
694 2105 760 2195 πρό
777 2133 815 2191 γε
831 2109 889 2192 τής
907 2103 1014 2193 μάχης
1027 2111 1084 2193 τής
1099 2109 1184 2195 πρὸς

226 2214 352 2295 Πῶρον
368 2206 549 2292 γενομένης
561 2201 769 2297 Ἀλεξάνδρῳ
789 2206 916 2274 ἐπενόει
932 2205 1108 2296 Ἀβισάρης
1126 2211 1184 2277 καὶ

227 2307 327 2388 αὐτὸς
348 2305 411 2389 ξῦν
433 2307 543 2398 Πόρῳ
565 2307 758 2375 τάττεσθαι·
784 2307 859 2374 τότε
876 2307 913 2375 δὲ
931 2309 987 2375 καὶ
1005 2308 1065 2377 τόν
1083 2308 1183 2378 άδελ-
1198 2331 1225 2371 ιιι

226 2406 294 2497 φόυ
310 2408 372 2477 τόν
390 2407 497 2477 αὑτοῦ
515 2407 579 2489 ξόν
595 2423 666 2487 τοῖς
683 2407 793 2487 ἄλλοις
810 2409 967 2495 πρέσβεσι
984 2406 1065 2496 παρ’
1090 2407 1183 2479 Ἀλέ-

227 2515 372 2600 ξανδρον
408 2516 549 2598 έπεμψε,
582 2508 732 2598 χρήματά
765 2535 800 2578 τε
825 2516 999 2596 κομίζοντα
1025 2513 1082 2580 καὶ
1111 2513 1183 2604 ἐλέ-

194 2633 358 2699 οφαντας
383 2611 630 2697 τεσσαράκοντα
653 2615 765 2697 δῶρον
787 2607 1002 2703 Ἀλεξάνδρῳ.
1038 2604 1121 2696 ήκον
1145 2613 1184 2681 δὲ

227 2716 283 2780 καλ
318 2713 408 2801 παρὰ
440 2713 510 2780 τῶν
542 2711 742 2798 αὐτονόμων
765 2709 882 2780 Ἰνδῶν
915 2714 1067 2801 πρέσβεις
1100 2711 1182 2802 παρ’

225 2812 446 2903 Ἁλέξανδρον
462 2814 520 2880 καὶ
546 2813 636 2900 παρὰ
655 2813 780 2899 Πάρου
806 2810 911 2883 ἄλλου
938 2841 998 2884 του
1024 2814 1180 2902 ὑπάρχου
1195 2835 1224 2879 π

223 2913 350 2985 Ἰνδῶν.
390 2913 605 2998 Ἀλέξανδρος
631 2912 669 2980 δὲ
695 2913 749 2981 διά
767 2913 887 3000 τάχους
903 2914 1078 3004 Ἀβισάρην
1098 2919 1183 2985 ἰέναι

229 3015 308 3104 παρ’
328 3013 433 3085 αὑτὸν
450 3013 590 3100 κελεόει,
611 3015 845 3102 ἐπαπειλήσας,
871 3022 903 3085 εί
927 3015 972 3103 μή
1001 3023 1107 3105 ἔλθοι,
1134 3015 1183 3085 ὅτι

229 3116 335 3186 αὐτόν
362 3114 476 3199 ὄψεται
501 3112 625 3202 ήκοντα
651 3116 713 3198 ξύν
740 3121 783 3205 τή
810 3121 945 3207 στρατιᾷ
973 3121 1030 3186 ἴνα
1048 3115 1090 3187 οά
1108 3144 1182 3205 χαι-

229 3218 321 3307 ρήσει
348 3217 440 3287 ίδάν.

195 3337 211 3386 ἰ
300 3318 355 3390 Ἐν
386 3319 496 3411 τούτῳ
523 3317 562 3388 δὲ
589 3318 831 3408 Φραταφέρνης
861 3346 899 3389 τε
925 3318 942 3388 ό
969 3330 1223 3410 Παρθυαίωνιο

228 3422 285 3490 καὶ
304 3418 478 3509 Ὑρκανίας
505 3419 675 3508 σατράπης
692 3420 772 3500 τοὺς
789 3424 1074 3508 καταλειφθέντας
1092 3421 1183 3511 παρά

230 3518 263 3591 ολ
290 3524 423 3612 Θρᾷκας
449 3519 541 3608 ἄγων
576 3511 656 3607 ήκεν
690 3520 735 3601 ὦς
758 3519 979 3611 Ἀλέξανδρον
1011 3524 1066 3590 καὶ
1094 3523 1184 3612 παρὰ
