2678 3950
232 245 295 310 246
582 242 834 301 ιοεωιπεεοε

231 403 348 476 Ἰνδῶν
366 405 519 494 πρέσβεις
536 401 617 491 παρ’
634 395 745 472 ἀύτόν
758 398 936 490 ἀφιγμένοι
954 391 1040 489 ἦσαν
1058 398 1196 487 βασιλέα

233 506 295 595 μὲν
312 511 371 594 τῆς
399 508 583 584 ἑαλωκυίας
600 502 664 591 ἤδη
679 501 794 573 Ἰνδῶν
816 504 876 590 γῆς
894 496 1044 582 άπέδειξε
1058 505 1196 589 Πῶρον,

235 607 316 676 ἑπτά
335 607 397 694 μὲν
416 609 531 675 ἐθνῶν
547 609 616 673 τῶν
634 603 850 694 ξυμπάντων,
868 603 1001 672 πόλεων
1019 602 1057 671 δὲ
1075 605 1112 671 ἐν
1125 616 1194 683 τοῖς

201 714 370 784 εέθνεσιν
395 703 484 798 ῦπλρ
509 704 570 786 τάς
592 711 763 792 δισχιλίας.
790 705 851 792 τὴν
877 702 1033 796 στρατιάν
1060 702 1098 772 δὲ
1124 704 1194 771 διέ·

234 836 346 899 νειμεν
380 799 454 878 ῶδε.
498 805 602 888 αῦτὸς
628 807 691 895 μὲν
715 802 796 886 τούς
822 801 1034 885 ὑπασπιστάς
1059 831 1096 874 τε
1126 803 1223 892 άμαι

235 907 271 980 ol
302 909 496 997 ξύμπαντας
531 911 586 978 έπὶ
618 908 677 988 τάς
710 913 797 988 ναῦς
824 907 1001 995 ἀνεβίβασε
1034 906 1090 974 καλ
1115 905 1195 986 τούς

235 1011 371 1094 τοξότας
396 1011 453 1080 καὶ
471 1009 551 1090 τοῦς
566 1008 740 1097 Ἀγριᾶνας
763 1010 820 1077 καὶ
842 1009 879 1078 τό
904 1007 1015 1096 άγημα
1041 1013 1110 1075 τῶν
1138 1012 1153 1076 λ
1178 1046 1194 1056 -

236 1114 337 1183 πίων.
376 1110 547 1201 Κράτερος
573 1109 611 1180 δλ
629 1108 720 1200 αύτῷ
739 1109 862 1200 μοῖράν
877 1135 914 1179 τε
929 1115 998 1177 τῶν
1016 1109 1122 1192 πεζῶν
1140 1108 1196 1176 καλ

234 1219 303 1282 τῶν
331 1214 461 1282 ίππέων
487 1211 577 1300 παρά
603 1209 665 1298 τὴν
692 1209 800 1298 ὄχθην
816 1213 877 1279 τοῦ
892 1207 1060 1280 ’Ἰδάσπου
1078 1207 1139 1297 τὴν
1158 1212 1195 1278 έν

235 1314 326 1406 δεξιᾷ
352 1307 428 1403 ἦγε·
467 1312 551 1382 κατά
579 1311 617 1381 δὲ
643 1311 703 1398 τὴν
723 1313 838 1398 ἑτέραν
857 1309 964 1398 ὄχθην
980 1309 1018 1379 τό
1036 1309 1195 1379 πλεῖστόν
1209 1337 1237 1376 ιο
1324 1311 1325 1314 ’

234 1443 271 1486 τε
296 1416 353 1484 καὶ
379 1414 554 1504 κράτιστον
578 1419 637 1498 τῆς
660 1417 815 1501 στρατιάς
840 1413 897 1481 καλ
913 1411 993 1516 τοηλς
1012 1412 1196 1498 ἐλέφαντας
1324 1407 1325 1410 “

233 1516 437 1606 Ἡφαιστίων
462 1513 651 1605 προῦχῶρει
673 1511 777 1601 άγων,
802 1509 868 1601 ἤδη
894 1511 993 1594 ὄντας
1022 1515 1055 1593 ές
1081 1517 1195 1582 διακο-

236 1627 347 1698 σίους·
387 1615 516 1696 τούτοις
549 1615 588 1684 δὲ
618 1606 661 1701 ἦν
687 1614 961 1703 παρηγγελμένον
988 1608 1033 1695 ῶς
1059 1613 1196 1701 τάχιστα

202 1715 329 1806 νάγειυ
356 1721 477 1806 ἵναπερ
502 1718 543 1784 τά
569 1722 752 1786 Σωπείθου
779 1723 946 1804 βασίλεια
976 1723 1131 1808 Φιλίππῳ
1159 1715 1196 1784 δὲ

235 1827 284 1912 τῷ
311 1818 465 1910 σατράπη
487 1823 546 1905 τῆς
564 1815 616 1886 ἐπ’
638 1821 748 1887 ἐκεῖνα
765 1819 825 1886 τοῦ
841 1815 949 1887 Ἰνδοῦ
969 1813 1013 1896 ῶς
1033 1817 1087 1886 ἐπὶ
1104 1807 1237 1886 Bau-1⁵
1324 1865 1325 1870 η

236 1927 351 2010 τρίονς
383 1925 445 2007 γῆς
479 1923 682 1989 διαλείποντι
707 1933 796 2007 τρεῖς
827 1917 951 2007 ἡμέρας
986 1918 1196 2008 παρήγγελτο

237 2025 378 2092 ἕπεσθαι
395 2019 459 2102 ξῦν
475 2035 546 2100 τοϊς
565 2015 649 2108 άμφ’
670 2019 785 2090 αὐτόν.
824 2021 903 2100 τοῦς
923 2019 1043 2100 ἱππέας
1061 2018 1100 2088 δὲ
1117 2018 1197 2100 τοῦς

237 2119 541 2202 Νυσαίουςῦπίσω
559 2117 746 2209 άποπέμπει
764 2124 797 2201 ές
814 2119 875 2209 τὴν
893 2127 1028 2192 Νῦσαν.
1055 2127 1117 2190 τοῦ
1134 2119 1197 2209 μέν

236 2222 279 2311 δὴ
296 2227 456 2292 ναυτικοῦ
473 2220 598 2304 παντός
617 2224 770 2310 Νέαρχος
786 2219 880 2314 αύτῷ
899 2224 1057 2311 ἐξηγεῖτο,
1074 2224 1132 2309 τῆς
1159 2220 1197 2289 δὲ

237 2319 345 2395 αύτοῦ
379 2323 465 2404 νεῶς
500 2324 706 2414 κυβερνήτης
737 2321 979 2412 Ὀνησίκριτος,
1012 2319 1050 2403 δς
1085 2326 1122 2392 ἐν
1153 2327 1195 2411 τῇ
1208 2351 1236 2390 εο

237 2429 420 2516 ξυγγραφῇ
445 2424 565 2513 ἥντινα
581 2423 670 2514 ὑπὲρ
684 2420 908 2514 Ἀλεξάνδρου
935 2425 1124 2513 ξυνέγραψε
1140 2423 1197 2491 καλ

235 2534 337 2597 τοῦτο
369 2527 552 2614 ἐψεύσατο,
585 2527 756 2615 ναύαρχον
790 2525 909 2596 ἑαυτόν
937 2523 1022 2594 εἶναι
1051 2526 1197 2613 γράψας,

202 2628 446 2716 ικυβερνήτην
473 2627 563 2696 ὄντα.
615 2621 659 2714 ἦν
685 2625 724 2696 δέ
748 2626 785 2696 τό
813 2627 948 2715 ξύμπαν
974 2632 1103 2714 πλῆθος
1128 2630 1198 2694 τῶν

236 2733 336 2815 νεῶν,
355 2727 399 2809 ῶς
417 2729 505 2815 λέγει
519 2737 726 2816 Πτολεμαῖος
744 2722 761 2796 ό
777 2729 907 2816 Λάγου,
926 2721 953 2820 ᾧ
970 2727 1113 2816 μάλιστα
1131 2730 1196 2814 έγο

237 2834 367 2917 ἕπομαι,
380 2829 608 2919 τριακόντοροι
620 2829 683 2917 μέν
698 2832 730 2908 ές
745 2824 967 2917 ὀγδοήκοντα·
985 2830 1026 2897 τά
1040 2829 1078 2898 δὲ
1088 2829 1197 2898 πάντα
1210 2857 1237 2898 ω

237 2939 339 3000 πλοῖα
366 2927 432 2999 σῦν
456 2943 527 3010 τοῖς
555 2936 764 3016 ἱππαγωγοῖς
790 2958 825 3001 τε
850 2931 907 2999 καλ
924 2931 1118 3020 κερκούροις
1141 2931 1197 2998 καλ

238 3029 300 3101 ὅσα
319 3027 404 3100 άλλα
422 3031 564 3120 ποτάμια
581 3029 602 3117 ἢ
620 3034 688 3099 τῶν
706 3031 809 3101 πάλαι
825 3032 997 3102 πλεόντων
1015 3031 1098 3101 κατά
1117 3029 1197 3112 τοῦς

238 3132 408 3221 ποταμούς
435 3128 455 3220 ἢ
483 3135 519 3201 ἐν
537 3138 586 3222 τῷ
603 3132 677 3201 τότε
694 3134 902 3221 ποιηθέντων
927 3129 968 3202 οῦ
996 3133 1084 3202 πολύ
1111 3131 1197 3203 άπο-

238 3236 358 3304 δέοντα
383 3240 453 3303 τῶν
480 3231 685 3323 [δισ]χιλίων.

201 3347 221 3412 3
312 3335 368 3416 Ὡς
395 3335 433 3406 δὲ
451 3336 627 3424 ξύμπαντα
646 3329 739 3426 αύτῷ
758 3334 1018 3423 παρεσκεύαστο,
1044 3335 1112 3405 ῦπδ
1136 3332 1198 3424 τὴν
1210 3368 1238 3408 ω

239 3440 283 3506 ἕω
300 3435 319 3507 ὁ
337 3437 399 3525 μὲν
417 3437 555 3524 στρατὸς
573 3438 725 3526 ἐπέβαινε
741 3441 812 3504 τῶν
825 3441 925 3522 νεῶν,
943 3436 1045 3518 αῦτδς
1064 3437 1101 3506 δὲ
1115 3443 1199 3507 ἔθυε

238 3551 308 3620 τοῖς
336 3547 431 3619 θεοῖς
458 3536 502 3619 ῶς
527 3538 631 3628 νόμος
658 3537 714 3604 καὶ
741 3543 788 3629 τῷ
815 3543 952 3631 ποταμῷ
978 3541 1025 3631 τῷ
1048 3536 1197 3628 ’Ῥδάσπη
