2678 3950
219 225 284 292 230
571 221 824 286 ειοεισονον

221 386 415 476 διαβάσεως,
443 392 478 455 οἳ
500 385 561 455 τόν
586 412 623 455 τε
640 401 735 454 σῖτον
762 384 853 478 αύτῷ
880 383 940 456 τόν
967 387 1003 454 ἐκ
1028 390 1087 472 τῆς
1113 384 1176 474 ἤδη

219 483 374 576 ύπηκόου
400 490 468 555 τῶν
491 485 611 557 Ἰνδῶν
636 487 747 575 χῶρας
773 488 830 556 καὶ
847 486 887 556 τά
907 486 991 554 ἀλλα
1011 487 1176 574 ἐπιτήδεια

187 603 202 652 2
221 595 454 678 παρακομίζειν
482 594 629 675 ἔμελλον.
657 591 781 675 Πῶρον
807 585 845 655 δὲ
873 591 906 666 ἐς
923 585 964 655 τά
982 586 1088 656 αὑτοῦ
1108 583 1175 676 ἤδη

221 691 420 778 ἀποπέμπει,
446 688 607 769 κελεύσας
621 687 739 757 Ἰνδῶν
765 713 800 756 τε
825 688 907 767 τοδς
924 689 1177 777 μαχιμωτάτους

222 791 453 880 ἐπιλεξάμενον
470 793 528 858 καὶ
546 799 581 858 εί
589 815 681 869 τινας
695 787 774 876 παρ’
790 787 882 880 αύτῷ
899 795 965 877 έχοι
979 791 1176 878 ἐλέφαντας,
1190 816 1204 856 ε

219 893 361 972 τούτους
387 891 424 960 δὲ
451 890 664 979 ἀναλαβόντα
692 890 778 960 ίέναι
802 887 886 980 παρ’
915 889 1029 960 αύτόν.
1074 891 1178 972 αύτὸς

221 991 260 1062 δὲ
286 996 410 1081 Πῶρον
441 990 502 1061 τὸν
535 995 649 1080 ἕτερον
674 990 734 1060 τόν
758 993 881 1077 κακόν,
916 991 967 1060 ότι
994 993 1177 1081 ἐξηγγέλθη

222 1096 426 1182 πεφευγέναι
452 1093 626 1162 ἀπολιπῶν
642 1091 704 1180 τὴν
721 1093 836 1182 χῶραν
852 1083 891 1182 ἧς
909 1087 1021 1181 ἦρχεν,
1050 1093 1178 1164 ἐπενόει

190 1197 354 1265 εδιῶκειν
380 1196 447 1264 σύν
473 1211 543 1274 τοῖς
569 1193 790 1282 κουφοτάτοις
807 1200 865 1282 τῆς
883 1197 1047 1282 στρατιᾶς.
1076 1194 1093 1262 ό
1111 1194 1177 1285 γάρ

220 1300 341 1385 Πῶρος
368 1287 479 1384 οὗτος,
507 1302 579 1365 ἔστε
605 1295 668 1383 μέν
694 1297 833 1382 πολέμια
859 1295 1061 1382 ξυνειστήκει
1085 1294 1216 1370 'Ake-1⁰

220 1399 354 1490 ξάνδρφ
380 1398 421 1466 τά
449 1397 533 1487 πρὸς
559 1395 620 1465 τόν
638 1395 741 1464 ἀλλον
759 1401 897 1485 Πῶρον,
923 1398 1077 1485 πρέσβεις
1095 1396 1175 1483 παρ’

204 1497 436 1587 ΙἈλέξανδρον
468 1499 627 1585 πέμπων,
659 1496 765 1566 αύτόν
796 1524 832 1566 τε
861 1499 918 1566 καὶ
948 1497 1010 1586 την
1042 1496 1111 1566 ύπδ
1143 1493 1207 1568 ολ·

220 1601 334 1688 χῶραν
361 1603 515 1668 ἐνεδίδου
530 1597 750 1691 Ἀλεξάνδρῳ,
775 1599 858 1666 κατὰ
879 1605 976 1687 έχθος
993 1595 1030 1668 τό
1051 1599 1175 1686 Πῶρον

219 1708 349 1788 μᾶλλον
375 1696 511 1790 ἀφιλίᾳ
537 1702 578 1788 τῇ
603 1697 840 1787 Ἀλεξάνδρου·
870 1698 915 1780 ῶς
939 1699 977 1768 δέ
995 1697 1176 1796 ἀφειμένον

219 1830 254 1871 τε
281 1803 411 1870 ἐκεῖνον
436 1801 493 1868 καὶ
519 1799 604 1887 πρδς
629 1805 672 1888 τῇ
699 1800 804 1870 αὐτοῦ
838 1803 896 1870 καὶ
922 1799 1024 1890 ἀλλης
1051 1805 1176 1888 πολλῆς
1190 1837 1216 1877 15

220 1901 365 1988 ἀρχοντα
393 1908 507 1988 ἔμαθε,
533 1901 608 1972 τότε
633 1903 675 1994 δὴ
707 1909 887 1991 φοβηθείς,
921 1898 985 1990 ούχ
1018 1900 1106 1971 οὕτω
1144 1931 1176 1974 τι

215 2003 446 2091 Ἀλέξανδρον,
472 2001 518 2081 ῶς
535 2001 596 2070 τδν
614 2008 738 2090 Πῶρον
757 2005 962 2073 ἐκεῖνοντὸν
981 2002 1175 2093 ὁμῶνυμον,

219 2104 340 2192 φεύγει
363 2104 424 2191 τὴν
449 2105 580 2191 ἑαυτοῦ,
604 2102 784 2193 ἀναλαβῶν
802 2101 903 2185 ὅσους
928 2108 997 2174 τῶν
1022 2113 1176 2194 μαχίμων

219 2207 397 2294 ξυμπεῖσαι
421 2203 576 2292 ἠδυνήθη
602 2220 778 2292 μετασχεῖν
804 2209 840 2274 οί
861 2209 918 2292 τῆς
945 2210 1066 2295 φυγῆς.

186 2321 202 2370 ε
291 2305 366 2377 Ἐπὶ
398 2312 520 2375 τούτου
554 2307 708 2375 ἐλαύνων
737 2305 955 2397 Ἀλέξανδρος
988 2307 1216 2396 ἀφικνεῖταιεο

220 2411 275 2478 ἐπὶ
292 2409 353 2477 τὸν
368 2407 556 2498 ’Ῥδραῶτην
573 2409 734 2495 ποταμόν,
753 2406 856 2477 ἀλλον
874 2401 917 2477 αὖ
935 2414 1058 2478 τούτου
1068 2409 1177 2482 Ἰνδδν

219 2509 386 2598 ποταμόν,
412 2509 448 2578 τδ
475 2509 538 2597 μὲν
565 2500 663 2596 εὖρος
690 2507 731 2578 ού
758 2516 877 2597 μείονα
903 2513 964 2579 τού
988 2509 1176 2602 Ἀκεσίνου,

220 2610 353 2699 ὀξύτητι
384 2610 422 2678 δὲ
453 2614 513 2678 τοῦ
547 2613 611 2698 ρού
637 2617 765 2698 μείονα.
810 2607 891 2698 όσην
918 2611 956 2680 δὲ
982 2617 1042 2700 τῆς
1066 2613 1176 2703 χύρας

220 2719 293 2780 ἐστε
321 2711 374 2780 ἐπὶ
391 2709 451 2779 τόν
465 2710 654 2799 ’Τδραῶτην
677 2713 814 2799 ἐπῆλθε,
840 2711 996 2798 φυλακάς
1013 2713 1176 2784 ἀπέλιπεν

220 2815 257 2880 ἐν
282 2828 353 2893 τοῖς
372 2810 628 2897 ἐπικαιροτάτοις
646 2820 791 2900 χωρίοις,
817 2808 907 2893 ὅπως
925 2819 962 2882 οί
976 2812 1063 2902 ἀμφὶ
1081 2816 1176 2904 Κρά-
1189 2847 1217 2889 τε

218 2912 317 2998 τερόν
344 2939 379 2982 τε
403 2913 461 2981 καλ
479 2920 606 2980 Κοῖνον
632 2910 676 2980 δι’
705 2910 890 3000 ἀσφαλείας
909 2916 1101 3004 ἐπέρχοιντο
1117 2924 1177 3004 τῆς

186 3015 330 3101 σχῶρας
356 3013 417 3102 τὴν
443 3012 573 3100 πολλὴν
593 3014 867 3102 προνομεύοντες.
897 3019 1046 3087 ἐνταῦθα
1061 3017 1176 3107 Ἡφαι-

220 3123 345 3184 στίωνα
370 3115 433 3203 μὲν
460 3115 630 3202 ἐκπέμπει,
656 3113 739 3194 δούς
765 3113 857 3207 αύτῷ
880 3118 980 3207 μέρος
998 3125 1056 3206 τῆς
1074 3140 1175 3207 στρα-

218 3221 302 3304 τιάς,
328 3220 434 3298 πεζῶν
459 3215 522 3304 μὲν
548 3215 723 3304 φάλαγγας
750 3215 825 3303 δύο,
854 3221 983 3300 ἱππέων
1009 3219 1047 3288 δὲ
1063 3221 1125 3308 τήν
1142 3246 1178 3291 τε

219 3317 327 3386 αύτοῦ
346 3317 481 3405 κοίτην
500 3325 696 3405 Δημητρίου
717 3322 904 3404 ἱππαρχίαν
921 3321 977 3388 καὶ
995 3327 1063 3390 τῶν
1080 3323 1176 3402 τοξο-
1190 3353 1219 3396 οο

218 3425 287 3486 τῶν
312 3417 391 3498 τούς
417 3416 568 3506 ἡμίσεας,
597 3422 629 3497 ἐς
647 3417 709 3505 τὴν
729 3419 854 3507 Πῶρον
872 3423 932 3488 τοῦ
951 3420 1177 3510 ἀφεστηκότος

217 3519 343 3609 χῶραν,
357 3520 517 3600 κελεύσας
527 3519 883 3608 παραδιδόναιταύτην
893 3520 1006 3613 Πῶρφ
1016 3526 1062 3614 τῷ
1073 3521 1178 3616 ἀλλφ,
