2590 3948
255 237 319 304 324
606 232 857 294 ΔΛΕΞΔΝΔΡΟΤ

256 395 411 482 καθάπερ
427 393 812 481 έκεῑυοιέμαντεόσαντο,
829 391 904 462 ἀλλ’
920 401 1008 482 ἔφθη
1019 391 1085 480 γάρ
1098 391 1224 470 έλάσας

188 491 190 494 ’
258 501 320 579 ἔξω
337 500 542 584 Βαβυλῶνος
559 503 641 584 πρίν
657 522 689 565 τι
706 504 844 582 παθεῖν,
862 489 997 564 άνέτιλει
1014 483 1119 573 αὖθις
1136 492 1223 561 κατὰ

258 599 300 668 τά
328 602 386 686 ἕλη
402 603 556 688 θαρρῶν,
584 600 621 666 έν
640 592 798 685 άριστερᾷ
825 602 910 683 ἔχων
927 594 990 683 τῆν
1007 597 1220 682 Βαβυλῶνα·

258 705 317 770 ’ίνα
334 699 376 787 δή
394 701 451 768 καὶ
470 697 642 785 ἐπλανήθη
660 695 755 788 αὐτῷ
769 696 868 784 μέρος
881 701 943 765 τοό
956 699 1120 766 ναυτικοῦ
1135 693 1220 764 κατὰ

259 801 300 870 τά
319 799 417 870 στενά
431 798 556 889 ἀπορίᾳ
571 797 747 886 ήγεμόνος,
765 804 846 886 πρίν
859 825 898 883 γε
911 795 954 884 δή
966 796 1069 876 αότδς
1083 797 1221 884 πέμψας
1243 820 1253 859 ε

258 904 319 974 τὸν
345 900 553 990 ἡγησόμενον
580 898 791 985 ἐπανήγαγεν
817 897 942 980 αὐτοός
969 901 1002 979 ές
1018 898 1079 967 τὸν
1100 898 1220 985 πόρον.

224 1017 240 1066 ν
259 1004 357 1088 λόγος
375 1002 413 1071 δὲ
431 1004 560 1088 λέγεται
576 1001 717 1070 τοῖόσδε.
743 1002 812 1069 τῶν
829 1000 992 1086 βασιλέων
1009 1002 1079 1068 τῶν
1095 997 1222 1070 Ἀσσυ-

259 1111 342 1191 ρίων
372 1101 453 1183 τοός
485 1103 614 1189 τάφους
642 1105 679 1172 έν
704 1117 778 1180 ταῖς
805 1108 936 1188 λίμναις
961 1127 997 1170 τε
1022 1099 1113 1170 εἶναι
1138 1100 1221 1178 τούς

258 1202 404 1284 πολλοὺς
428 1204 485 1272 καὶ
518 1207 556 1274 ἐν
586 1219 657 1284 τοῖς
683 1205 771 1272 ἕλεσι
797 1204 1053 1291 δεδομημένους.
1111 1229 1159 1282 τις
1187 1201 1221 1269 δὲ

260 1311 351 1376 έπλει
363 1304 579 1392 Ἀλέξανδρος
596 1301 680 1372 κατά
698 1304 739 1372 τά
759 1306 827 1391 ἕλη,
845 1308 1016 1392 κυβερνᾶν
1028 1303 1098 1392 γάρ
1113 1302 1248 1371 αότδυυ

258 1407 358 1493 λόγος
382 1403 445 1493 τῆν
470 1405 600 1493 τριήρη,
624 1403 812 1491 πνεόματος
837 1405 985 1491 μεγάλου
1012 1403 1221 1491 ἐμπεσόντος

258 1505 351 1599 αὐτῷ
379 1509 413 1586 ές
429 1507 492 1594 τῆν
509 1513 656 1576 καυσίαν
672 1507 731 1574 καὶ
747 1504 786 1574 τό
804 1505 950 1594 διάδημα
966 1503 1056 1594 αότῆ
1074 1506 1217 1592 συνεχό-
1268 1589 1269 1592 ¹

258 1635 372 1697 μενον,
389 1609 450 1693 τὴν
464 1607 527 1695 μέν
545 1607 587 1695 δῆ
605 1602 661 1677 οἷα
677 1608 869 1694 βαρυτέραν
881 1621 997 1676 πεσεῖν
1012 1609 1045 1686 ές
1058 1607 1098 1675 τὸ
1113 1604 1221 1694 ὕδωρ,
1268 1617 1269 1696 ζ

259 1713 298 1778 τὸ
326 1709 471 1796 διάδημα
495 1708 533 1778 δὲ
551 1707 737 1794 ἀπενεχθὲν
754 1709 838 1798 πρὸς
855 1713 915 1794 τῆς
932 1712 1036 1795 πνοῆς
1056 1714 1222 1795 σχεθῆναι
1268 1723 1269 1760 ¹

261 1814 298 1880 ἐν
328 1810 483 1901 καλάμῳ·
529 1810 589 1880 τόν
620 1811 771 1898 κάλαμον
796 1809 834 1878 δὲ
859 1811 929 1878 τῶν
963 1810 1246 1897 έπιπεφυιιότωυο

225 1920 242 1968 3
260 1909 346 1980 εἶναι
363 1911 459 2002 τάφῳ
476 1913 543 1980 τιυὶ
560 1915 630 1981 τῶν
647 1911 749 1980 πάλαι
765 1911 939 1999 βασιλέων.
981 1909 1084 1978 τοότό
1102 1936 1142 1979 τε
1160 1902 1220 1978 οὖν

260 2009 345 2080 αότδ
372 2009 437 2100 πρό
454 2016 523 2080 τῶν
549 2013 740 2099 μελλόντων
764 2013 907 2100 σημῆναι
933 2012 989 2079 καὶ
1015 2009 1158 2080 ὅτιτῶν
1176 2038 1220 2089 τις

259 2118 396 2182 ναυτῶν
415 2112 634 2200 ἐκνηξάμενος
652 2113 698 2192 ῶς
714 2114 769 2182 έπλ
786 2113 824 2182 τὸ
843 2111 987 2200 διάδημα
1004 2110 1146 2199 άφελῶν
1160 2116 1219 2180 τοῦ

260 2215 412 2302 καλάμου
445 2213 529 2282 αὐτὸ
562 2211 644 2301 μετὰ
670 2228 782 2300 χεῖρας
807 2212 869 2300 μὲν
895 2211 958 2282 οὐκ
982 2210 1141 2299 ῆνεγκεν,
1174 2211 1220 2281 ὅτι

259 2311 479 2403 νηχομένον”
460 2341 502 2382 αν
516 2309 623 2384 αότοό
639 2316 802 2401 ἐβρέχετο,
816 2315 964 2402 περιθεὶς
978 2313 1070 2382 δδ
1028 2339 1070 2400 τη
1085 2315 1249 2402 κεφαλήν

226 2419 302 2504 4τῆ
330 2415 439 2485 αὑτοῦ
465 2413 555 2485 οὕτω
579 2416 741 2540 διήνεγκε.
785 2416 842 2483 καὶ
860 2419 896 2483 ολ
917 2413 980 2502 μέν
1005 2414 1129 2482 πολλοὶ
1154 2441 1222 2482 των

261 2516 531 2604 ἀναγραψάντων
550 2533 591 2584 τα
579 2515 827 2602 Ἀλεξάνδρου
846 2512 1076 2601 λέγουσινὸτι
1093 2514 1221 2584 τάλαν-

259 2644 319 2686 τον
345 2618 407 2704 μέν
435 2617 626 2741 ἐδωρήσατο
650 2615 746 2709 αὐτῷ
769 2615 984 2706 Ἀλέξανδρος
1009 2621 1068 2704 τῆς
1087 2628 1223 2705 προθυ-

260 2726 340 2805 μίας
367 2723 491 2804 εἳνεκα,
517 2717 695 2803 ἀποτεμεῖν
724 2717 761 2786 δε
788 2718 941 2787 ἐκέλευσε
966 2717 1028 2804 τήν
1054 2717 1222 2806 κεφαλήν,

260 2819 331 2886 τῶν
362 2817 514 2905 μάντεων
545 2819 652 2906 ταότη
686 2820 952 2906 ἐξηγησαμένων,
985 2820 1029 2905 μῆ
1058 2825 1252 2905 περιιδεῐνε

262 2918 355 2986 σῶαυ
375 2921 506 3006 έκείυην
523 2919 584 3005 τῆν
602 2921 751 3006 κεφαλήν
768 2917 838 3008 ῆτις
860 2918 898 2987 τό
917 2917 1057 3006 διάδημα
1077 2920 1224 3006 ἐφόρησε

261 3017 300 3086 τό
327 3025 511 3103 βασίλειον·
549 3014 801 3106 Ἀριστόβουλος
828 3019 865 3088 δὲ
891 3019 1055 3088 τάλαντον
1081 3016 1147 3106 μὲν
1174 3019 1224 3088 ὅτι
1267 3085 1268 3090 ,

263 3124 380 3205 ἔλαβεν
406 3121 494 3205 λέγει
519 3119 636 3206 αότόυ,
663 3115 748 3188 άλλδι
766 3121 895 3209 πληγάς
914 3127 1029 3208 λαβεῖν
1047 3125 1107 3206 τῆς
1127 3146 1225 3209 περι·
1267 3113 1268 3128 ’

227 3236 243 3284 ε
261 3223 387 3300 θέσεως
406 3223 503 3290 ἕνεκα
520 3227 581 3290 τοῦ
600 3221 808 3309 διαδήματος.
833 3221 1085 3309 Ἀριστόβουλος
1101 3221 1167 3308 μὲν
1182 3219 1224 3308 δῆ

262 3327 330 3389 τῶν
348 3349 423 3389 τινα
439 3330 606 3391 Φοινίκων
623 3329 692 3392 τῶν
705 3326 841 3392 ναυτῶν
855 3320 1006 3409 λέγειὸτι
1021 3322 1059 3389 τὸ
1074 3323 1253 3410 διάδημαα

261 3426 310 3510 τῷ
316 3419 523 3513 Ἀλεξάνδρῳ
541 3424 708 3510 ἐκόμισεν·
728 3427 793 3494 είσὶ
804 3423 841 3494 δὲ
850 3432 886 3492 οἳ
895 3423 1063 3494 Σέλευκον
1073 3423 1225 3509 λέγουσι.

263 3522 318 3587 καὶ
336 3526 436 3590 τοῦτο
462 3525 508 3613 τῷ
536 3549 571 3590 τε
586 3522 794 3616 Ἀλεξάνδρῳ
821 3529 964 3612 σημῆναι
980 3522 1042 3611 τῆν
1060 3527 1228 3614 τελευτήν
