2664 3946
467 256 664 310 ἈΝΑΒΔΣΙΣ
680 261 711 320 θ,
727 259 769 311 ³0.
1042 253 1103 317 147

141 397 179 462 δὲ
202 396 238 474 ἐς
259 399 357 480 μείζω
379 399 428 462 ἔτι
449 398 588 481 λίμνην,
610 393 672 481 τήν
694 398 907 481 καλουμένην
929 398 1102 461 Μαιῶτιν·

141 497 198 564 καὶ
225 495 285 563 τόν
311 496 439 563 Τάναϊν
464 501 587 562 τοῦτον
609 496 697 562 εἰσίν
724 499 758 562 οδ
783 495 865 581 ὅρον
887 499 1022 562 ποιοῦσι
1045 499 1104 578 τῆς

137 597 248 676 Ἀσίας
278 596 335 664 καὶ
360 604 419 683 τῆς
446 595 630 683 Εὐρώπης,
659 591 710 676 οἷς
735 596 777 682 δη
805 595 872 663 ἀπδ
902 600 963 663 τοῦ
994 583 1139 680 μυχούθ

141 703 202 766 τοῦ
228 701 358 766 πόντον
390 703 451 764 τοῦ
478 695 644 779 Εὐξείνου
671 698 692 784 η
719 703 820 783 λίμνη
841 721 878 764 τε
902 691 923 782 ἡ
951 701 1104 774 Μαιῶτις

114 802 198 870 ικαὶ
228 800 246 865 ὁ
276 801 310 878 ἐς
338 802 465 886 ταύτην
496 802 593 880 ἐξιεὶς
627 801 775 887 ποταμός
804 798 822 865 ὁ
855 799 978 876 Τάναϊς
1005 788 1104 875 οὖτος

141 904 281 988 διείργει
300 901 363 986 τη“ν
382 900 496 969 Ἀσίαν
517 925 553 968 τε
575 905 632 967 καί
654 901 716 987 την
737 899 925 987 Εὐρώπην,
948 895 1103 984 καθάπερ

138 1000 160 1088 η
187 1003 271 1070 κατά
297 1005 451 1088 Γάθειρά
476 1027 512 1068 τε
538 1002 595 1070 καί
619 1003 697 1082 τούς
726 1003 905 1088 ἀντιπέρας
929 1002 1104 1085 Γαδείρων

139 1109 271 1188 Λίβυας
291 1102 371 1184 τούς
387 1105 551 1188 Νομάδας
571 1101 731 1171 θάλασσα
752 1103 815 1190 την
829 1103 962 1188 Λιβύην
982 1094 1026 1167 αὐ
1047 1102 1105 1168 καὶ

140 1203 203 1289 την
231 1203 403 1291 Εὐράπην
436 1207 592 1290 διείργει,
626 1198 676 1282 οίς
708 1229 748 1289 γε
776 1204 817 1290 δη
845 1203 866 1289 ἡ
893 1207 1003 1288 Λιβύη
1036 1201 1103 1268 ἀπό

103 1337 127 1376 ιο
140 1311 198 1392 τῆς
210 1305 321 1385 Ἀσίας
341 1311 399 1393 της
419 1307 523 1393 ἀλλης
541 1311 589 1393 τῷ
603 1311 717 1395 Νείλῳ
732 1313 869 1396 ποταμῷ
885 1306 1102 1390 διακέκριται,

222 1409 390 1475 Ἐνταῦθα
411 1407 723 1486 ἀποσκεδασθέντες
744 1410 832 1487 τινὲς
853 1413 922 1475 τόν
942 1410 1101 1474 Μακεδό·
1121 1423 1155 1478 10

140 1533 213 1575 νων
225 1509 259 1586 ἐς
270 1509 447 1595 προνομήν
458 1510 725 1576 κατακόπτονται
735 1509 819 1595 πρὸς
829 1515 897 1576 τοῖν
908 1510 1102 1595 βαρβάρων·

141 1612 177 1676 οί
194 1611 232 1678 δὲ
255 1613 439 1694 δράσαντες
455 1614 493 1678 τδ
509 1615 610 1694 ἔργον
625 1609 802 1696 ἀπέφυγον
823 1612 858 1690 ἐς
878 1611 956 1697 ὄρος
977 1613 1103 1696 τραχύ-

140 1736 242 1778 τατον
263 1714 320 1778 καὶ
347 1713 456 1796 πάντη
481 1711 662 1796 ἀπότομον·
686 1703 774 1798 ἦσαν
796 1715 833 1779 δὲ
855 1711 894 1779 τδ
915 1715 1046 1798 πλῆθος
1069 1712 1105 1791 ἐς

104 1839 129 1880 15
141 1818 370 1899 τρισμυρίους.
426 1814 483 1878 καί
516 1813 571 1879 ἐπὶ
602 1813 744 1891 τούτους
774 1812 990 1900 Ἀλίξανδρος
1025 1813 1104 1890 τούς

142 1915 376 2000 κουφοτάτους
402 1920 461 2000 τῆς
488 1920 646 2000 στρατιᾶς
672 1913 854 1999 ἀναλαβών
880 1908 974 1999 ἦγεν.
1017 1919 1103 1983 ἔνθα
1121 1929 1151 1982 n

21 2015 24 2022 '
142 2015 184 2100 δὴ
206 2016 394 2101 προσβολαὶ
418 2015 541 2082 πολλαὶ
563 2015 737 2099 ἐγίγνοντο
757 2028 826 2092 τοῖς
848 2019 1047 2085 Μακεδόσιν
1069 2017 1105 2096 ἐς

142 2117 179 2185 τό
202 2116 292 2202 ὄρος·
321 2116 378 2182 καὶ
399 2116 439 2183 τά
461 2118 525 2200 μὲν
547 2121 664 2203 πρωτα
686 2116 916 2202 ἀπεκρούοντο
937 2121 1103 2204 βαλλόμε-

142 2243 195 2285 νοι
217 2217 255 2285 ἐκ
277 2224 346 2284 τόν
367 2217 567 2304 βαρβάρων,
596 2216 653 2284 καὶ
680 2217 776 2284 άλλοι
801 2243 838 2286 τε
859 2221 978 2287 πολλοὶ
998 2245 1102 2303 τραυ-

105 2347 130 2386 ιο
142 2324 256 2406 ματίαι
272 2317 427 2404 ἐγένοντο
439 2318 496 2384 καὶ
511 2318 611 2396 αὐτὸς
622 2319 836 2407 Ἀλέξανδρος
852 2319 884 2399 ἐς
898 2320 959 2408 την
970 2323 1102 2406 κνήμην

142 2423 312 2500 τοξεύεται
333 2418 477 2507 διαμπάξ
500 2419 556 2486 καί
577 2427 636 2506 τῆς
656 2423 802 2508 περόνης
821 2447 853 2486 τι
871 2421 1103 2506 ἀποθραύεται

143 2521 233 2610 αὐτῷ
255 2520 292 2589 ἐκ
313 2526 375 2588 τοῦ
396 2522 605 2606 τοξεύματος.
638 2520 725 2587 ἀλλά
746 2525 803 2590 καί
823 2521 870 2600 ιδς
889 2527 991 2609 ἔλαβέ
1009 2549 1045 2591 τε
1064 2521 1103 2590 τδ

143 2627 270 2710 χωρίον
302 2623 360 2690 καὶ
387 2623 662 2708 τῶνβαρβάρων
687 2625 723 2689 οί
745 2626 808 2708 μὲν
829 2623 934 2691 αὐτοῦ
961 2627 1103 2693 κατεκό-

143 2743 256 2810 πησαν
276 2727 362 2809 πρὸς
384 2731 453 2792 τοῖν
476 2724 707 2808 Μακεδόνων,
738 2727 856 2792 πολλοὶ
878 2727 916 2796 δδ
937 2729 994 2794 καί
1016 2724 1100 2794 κατά

104 2853 130 2895 ιε
143 2833 212 2892 τοῖν
245 2832 378 2910 πετρῶν
411 2827 569 2912 ῥίψαντες
602 2831 690 2912 σφᾶς
722 2825 912 2913 ἀπέθανον,
948 2823 1034 2898 ὥστε
1064 2830 1103 2900 ἐκ

143 2932 350 3016 τρισμυρίων
371 2925 414 2995 οὐ
435 2932 572 3004 πλείους
594 2927 814 3017 ἀποσωθῆναι
836 2927 1099 3019 ὀκτακισχιλίων.
