2678 3950
222 235 286 300 210
577 228 828 291 Διεωεαεεον

187 404 206 466 7
311 393 356 464 Τὸ
383 391 421 461 δὲ
447 393 571 479 ζεῦγμα
588 389 626 459 τό
647 392 703 461 ε’πλ
720 393 781 460 τοῦ
797 388 906 460 Ἰνδοῦ
925 393 1076 479 ποταμοῦ
1095 387 1189 472 ὅπως

226 494 290 583 μὲν
324 493 464 582 ἐποιήθη
490 481 700 583 Ἀλεξάνδρφ
727 491 806 562 οῦτε
828 491 1083 581 Ἀριστόβουλος
1109 491 1188 561 οῦτε

227 603 454 682 Πτολεμαῖος,
487 590 538 674 οἷς
570 594 713 682 μάλιστα
746 593 811 680 ἐγω
845 597 980 683 ἕπομαι,
1014 594 1186 680 λέγουσιν·

226 695 310 766 οῦδὲ
336 695 440 775 αύτός
467 701 531 780 ἔχω
559 694 707 784 ἀτρεκῶς
734 693 881 782 εἰκάσαι,
909 695 1033 783 πότερα
1059 703 1188 774 πλοίοις

225 797 365 884 ἐζεύχθη
392 794 410 865 6
438 797 555 884 πόρος,
581 795 735 884 καθάπερ
762 787 825 865 οῦν
851 794 870 863 6
893 794 1136 882 Ἑλλήσποντός
1153 824 1214 866 τεε

226 899 312 988 πρὸς
331 898 457 986 Ξέρξου
485 899 542 964 καλ
569 895 587 964 6
607 896 782 985 Βόσπορός
799 923 835 966 τε
851 898 908 966 καὶ
926 897 946 964 6
956 893 1086 986 Ἴστρος
1104 898 1188 985 πρὸς

227 1007 398 1087 Δαρείου,
432 995 452 1085 ἢ
485 999 620 1085 γέφυρα
652 997 736 1067 αατά
768 1000 829 1068 τοῦ
857 1000 1007 1085 ποταμοῦ
1035 999 1188 1086 διηνεκὴς

228 1101 368 1188 ἐποιήθη
401 1097 510 1190 αύτῷ·
562 1103 657 1168 δοκεῖ
688 1099 726 1168 δὲ
759 1105 868 1186 ἔμοιγε
900 1107 1030 1180 πλοίοις
1061 1105 1188 1188 μᾶλλον

226 1206 420 1290 ζευχθῆναι·
464 1198 505 1268 οῦ
533 1199 599 1287 γάρ
617 1196 660 1268 ἀν
677 1200 837 1279 δέξασθαι
854 1201 1008 1290 γέφυραν
1025 1201 1063 1269 τό
1081 1201 1187 1287 βάθος

228 1308 287 1372 τοῦ
310 1302 448 1390 ῦδατος,
469 1296 547 1370 οὐδ’
570 1297 612 1369 ἀν
639 1304 675 1370 έν
691 1304 819 1392 τοσῷδε
833 1301 945 1393 χρόνῳ
963 1308 1062 1390 ἔργον
1081 1299 1187 1382 οῦτως
1203 1333 1230 1371 ιο
1324 1389 1325 1402 ¹

193 1401 356 1497 Ξάτοπον
382 1403 653 1488 ξυντελεσθῆναι.
706 1409 738 1471 ελ
763 1401 800 1472 δὲ
826 1403 867 1491 δή
895 1411 1024 1483 πλοίοις
1052 1403 1188 1492 ἐζεύχθη

228 1505 246 1574 6
275 1504 393 1594 πόρος,
420 1502 545 1588 πότερα
572 1505 785 1583 ξυνδεθείσαι
812 1509 851 1572 αι’
873 1506 951 1592 νῆες
969 1510 1114 1590 σχοίνοις
1132 1507 1189 1572 καλ

227 1606 310 1676 κατὰ
338 1619 471 1691 στοῖχον
498 1603 709 1691 ὁρμισθεῖσαι
734 1608 767 1685 ἐς
785 1605 823 1672 τὸ
841 1609 965 1693 ζεῦγμα
984 1603 1188 1694 ἀπήρκεσαν,

229 1706 274 1786 ἀς
301 1708 389 1793 λέγει
403 1703 580 1794 Ἡρόδοτος
597 1705 616 1775 6
633 1699 914 1794 Ἁλικαρνασσεύς
931 1710 1111 1793 ζευχθῆναι
1127 1707 1188 1774 τόν

224 1807 481 1895 Ἑλλήσποντον,
498 1802 519 1892 ἢ
536 1804 602 1898 ὅτῳ
620 1807 734 1898 τρόπῳ
751 1806 921 1893 Ῥωμαίοις
942 1809 996 1875 ε’πλ
1013 1811 1060 1898 τῷ
1068 1801 1188 1900 Ἴστρῳ
1204 1837 1231 1878 ιε

230 1912 366 1999 ποταμῷ
393 1911 519 1994 ζεῦγμα
537 1923 678 1978 ποιεῖται
695 1907 752 1976 καλ
781 1910 835 1978 ε’πλ
853 1913 901 2001 τῷ
916 1907 1016 2001 Ῥήνμ
1033 1911 1081 2001 τῷ
1101 1917 1188 1978 Κελ-

228 2013 325 2100 τικῦ,
352 2011 409 2077 καλ
435 2008 496 2077 τόν
515 2007 702 2132 Εὐφράτην
719 2009 776 2076 καλ
802 2009 865 2078 τόν
889 2017 1048 2098 Τίγρητα,
1075 2007 1189 2091 ὁσάκις

230 2112 412 2198 κατέλαβεν
431 2108 557 2189 αύτούς
575 2105 718 2198 ἀνάγκη,
743 2111 976 2197 ἐγεφύρωσαν,
992 2109 1074 2179 οῦδὲ
1088 2114 1189 2180 τοῦτο

93 2243 96 2249 ’
194 2218 293 2300 3ἐχω
320 2212 511 2300 ξυμβαλεῖν
556 2217 663 2280 καίτοι
687 2212 854 2300 ταχυτάτη
879 2239 918 2299 γε
944 2239 992 2280 ων
1019 2211 1085 2298 ε’γιθ
1111 2209 1188 2281 οἶδα

224 2311 394 2401 Ῥωμαίοις
419 2311 440 2400 6
467 2311 658 2400 γεφύρωσις
689 2311 711 2400 6
738 2313 792 2381 διὰ
818 2315 888 2382 τῶν
913 2315 1001 2382 νεῶν
1026 2320 1231 2436 γίγνεται,εο

229 2417 286 2484 καλ
318 2413 444 2504 ταύτην
478 2414 544 2500 ε’γω
571 2411 785 2501 ἀφηγήσομαι
811 2415 865 2482 ἐν
863 2415 920 2506 τῷ
946 2413 1106 2502 παρόντι,
1139 2413 1190 2484 ότι

226 2517 330 2604 λόγου
358 2515 444 2597 ἀξία.
489 2520 528 2584 αί
551 2519 629 2602 νῆες
656 2514 773 2594 αότοίς
798 2541 882 2582 κατα
873 2513 1053 2604 βοῦν’
1034 2522 1190 2603 αφίενται

229 2613 295 2686 ἀπὸ
323 2617 546 2705 ξυνθήματος,
573 2615 634 2687 οῦκ
662 2615 713 2686 ἐπ’
743 2615 845 2703 εύθύ,
871 2615 955 2684 ἀλλά
982 2616 1135 2707 καθάπερ
1153 2623 1192 2686 αλ

228 2718 388 2806 πρύμναν
415 2717 626 2806 κρουόμεναι.
678 2717 803 2797 ταύτας
829 2715 994 2805 ἀποφέρει
1019 2719 1101 2805 μέν,
1132 2713 1187 2786 οἷα

228 2819 330 2904 εἰκός,
357 2816 491 2906 ὁβοῦς,
518 2815 629 2904 ἀνέχει
655 2817 694 2887 δὲ
711 2818 861 2904 κελήτιον
889 2821 1021 2906 ἐπῆρες,
1050 2817 1115 2888 ἐστ’
1144 2815 1229 2887 ἀνεε

228 2919 419 3008 καταστήσῃ
448 2923 481 2999 ἐς
508 2919 545 2986 τδ
564 2920 767 3005 τεταγμένον
784 2927 924 3007 χωρίον·
963 2921 1021 2988 καλ
1041 2921 1189 2989 ἐνταῦθα

227 3019 291 3109 ήδη
309 3025 462 3088 καθίεται
473 3021 646 3106 πλέγματα
665 3023 702 3088 ἐκ
719 3020 828 3106 λόγου
847 3024 1054 3110 πυραμοειδῆ
1081 3022 1190 3110 πλήρη

228 3129 339 3191 λίθων
372 3121 528 3207 λογάδων
555 3117 623 3188 ἀπὸ
656 3121 794 3213 πρηίρας
828 3121 966 3210 ἑκάστης
991 3121 1096 3209 νεός,
1128 3126 1190 3192 τοῦ

192 3222 360 3309 4ἀνέχειν
387 3222 449 3309 τήν
481 3223 570 3291 ναῦν
597 3221 682 3311 πρὸς
708 3221 767 3292 τόν
786 3225 881 3311 βοῦν.
925 3221 979 3290 ὅτε
1007 3221 1045 3290 δέ
1070 3224 1112 3310 δή
1129 3230 1191 3313 μία

227 3351 275 3405 τις
293 3327 362 3392 τῦν
380 3328 469 3392 νεῦν
490 3320 558 3411 ἀμα
577 3322 619 3408 δή
639 3325 771 3412 ἐσχέθη,
794 3326 851 3392 καλ
869 3320 965 3412 άλλη,
984 3321 1051 3392 ἀπὸ
1068 3325 1191 3413 ταύτης
1205 3352 1234 3394 εο

228 3425 385 3512 διέχουσα
411 3423 497 3494 ὅσον
526 3423 712 3513 ξύμμετρον
740 3426 824 3510 πρὸς
848 3427 948 3513 ίσχῦν
965 3427 1034 3493 τῶν
1052 3427 1191 3516 ἐπιβαλ-

227 3529 391 3617 λομένων,
410 3522 628 3616 ἀντίπρωρος
646 3526 729 3616 πρὸς
747 3524 784 3593 τό
803 3529 910 3616 ῥεῦμα
929 3527 1106 3617 όρμιζεται·
1133 3530 1192 3595 καὶ
