2678 3950
489 221 672 274 ΑΝΔΒΑΣΙΣ
689 226 715 285 4,
734 225 775 274 18.
1053 219 1111 284 ΓΠ

150 376 246 467 τερά·
290 377 347 446 καὶ
372 383 510 448 νικῶσιν
541 383 578 448 ολ
597 379 812 466 Μακεδόνες,
840 376 924 448 ῶστε
954 383 1023 446 τῶν
1049 377 1145 466 μένα

151 479 333 569 βαρβάρων
352 481 482 548 ἱππέων
499 477 587 570 ύπέρ
605 478 685 559 τούς
704 475 923 560 ὀκτακοσίους
941 493 1057 548 πεσεῖν
1077 482 1114 548 ἐν

151 583 192 669 τῇ
220 581 327 670 μάχη,
352 585 421 650 τῶν
448 580 487 649 δὲ
513 579 578 662 ξύν
595 588 711 672 Κοίνφ
731 583 851 661 ίππέας
874 579 936 668 μέν
954 583 987 661 ἐς
1010 591 1115 650 είκοσι

152 683 210 750 καὶ
237 683 350 770 πέντε,
375 681 493 766 πεζούς
520 681 558 750 δέ
585 681 723 753 δῶδεκα.
764 687 799 750 ολ
822 709 858 752 τε
883 673 948 751 οὖν
965 687 1115 768 Σογδια-

126 785 209 851 ενολ
236 787 272 851 οί
297 789 344 852 ἔτι
369 783 628 871 ὑπολειπόμενοι
654 784 718 864 ξύν
734 784 938 872 Σπιταμένει
963 785 1020 852 καὶ
1046 787 1115 852 τῶν

152 891 332 970 Βακτρίων
345 889 381 952 οί
396 887 515 954 πολλοὶ
534 883 777 954 ἀπολείπουσιν
796 888 833 954 ἐν
849 890 893 974 τῇ
911 881 1005 974 φυγῇ
1026 893 1114 954 Σπι·

151 981 299 1073 ταμένην
324 987 382 1054 καλ
409 985 606 1075 ἀφικόμενοι
639 985 729 1075 παρά
760 995 890 1056 Κοῖνον
922 987 1114 1075 παρέδοσαν

153 1089 242 1173 σφάς
261 1085 387 1166 αύτούς
406 1093 541 1178 Κοίνφ,
567 1091 603 1156 οἵ
622 1099 661 1155 ’τε
687 1089 908 1173 Μασσαγέται
925 1093 961 1156 oc
976 1087 1115 1170 Σκύθαι
1131 1099 1146 1148 7

152 1191 263 1267 κακῶς
282 1187 489 1277 πεπραγότες
505 1187 546 1255 τά
564 1187 626 1275 μὲν
646 1187 837 1278 σκευοφόρα
851 1192 920 1256 τῶν
938 1189 1115 1275 ξυμπαρα-

49 1313 50 1316 ’
114 1315 140 1354 10
153 1289 348 1376 ταξαμένων
389 1297 486 1376 σφίσι
518 1297 696 1377 Βακτρίων
738 1315 775 1358 τε
818 1291 875 1358 καλ
914 1291 1115 1376 Σογδιανῶν

155 1391 355 1478 διήρπασαν,
382 1387 481 1460 αύτοὶ
500 1391 539 1459 δὲ
556 1389 620 1472 ξύν
639 1390 841 1478 Σπιταμένει
861 1393 894 1470 ἐς
911 1390 973 1476 τὴν
992 1395 1115 1477 ἔρημον

155 1497 312 1578 ἔφευγον.
375 1489 421 1570 ῶς
448 1491 485 1560 δὲ
513 1492 727 1578 ἐξηγγέλλετο
753 1490 871 1571 αὐτοῖς
898 1489 1116 1578 Ἀλέξανδρος

156 1594 193 1660 έν
220 1591 308 1681 ὁρμῇ
337 1587 384 1660 ῶν
412 1595 466 1660 ἐπὶ
484 1593 546 1679 τὴν
568 1598 690 1681 ἐρημον
715 1593 870 1661 ἐλαύνειν
892 1589 1116 1678 ἀποτεμόντες

128 1723 130 1728 ·
155 1698 218 1762 τού
244 1695 478 1780 Σπιταμένους
509 1693 572 1779 τὴν
597 1692 748 1780 κεφαλὴν
779 1693 869 1779 παρὰ
894 1691 1116 1780 Ἀλέξανδρον

115 1819 143 1860 15
157 1794 363 1882 πέμπουσιν,
399 1793 443 1874 ῶς
480 1793 749 1882 ἀποστρέφοντες
782 1791 847 1862 ἀπό
884 1799 981 1880 σφῶν
1011 1791 1115 1862 αύτδν

154 1895 265 1986 τούτῳ
291 1900 337 1986 τῷ
367 1901 462 1987 ἐργφ.

230 1998 298 2066 Καὶ
332 1999 368 2065 έν
400 1995 509 2088 τούτῳ
541 1994 666 2075 Κοῖνός
698 2021 734 2064 τε
767 1998 800 2075 ἐς
832 1995 999 2066 Ναύτακα
1030 1993 1167 2085 παρ’18

150 2096 372 2185 Ἀλέξανδρον
397 2099 612 2183 ἐπανέρχεται
637 2097 694 2164 καὶ
721 2101 758 2165 οί
780 2093 866 2185 ἀμφὶ
884 2097 1060 2186 Κράτερόν
1081 2124 1117 2167 τε

155 2200 211 2266 καὶ
242 2199 489 2287 Φραταφέρνην
515 2197 575 2266 τὸν
600 2200 669 2266 τῶν
699 2206 912 2284 Παρθυαίων
944 2199 1117 2288 σατράπην

117 2323 143 2363 ιο
157 2300 213 2368 καὶ
233 2299 422 2387 Στασάνωρ
439 2295 456 2368 ὁ
471 2298 624 2387 Ἀρείων,
651 2299 895 2387 πεπραγμένων
912 2305 1009 2386 σφίσι
1028 2297 1117 2368 πάν·

155 2427 223 2470 των
247 2400 311 2470 ὅσα
336 2403 368 2482 ἐξ
383 2399 606 2486 Ἀλεξάνδρου
625 2400 787 2468 ἐτέτακτο.
824 2398 1043 2488 Ἀλέξανδρος
1067 2401 1116 2486 δέ,
1135 2417 1150 2463 2

157 2502 235 2588 περὶ
261 2501 428 2572 Ναύτακα
460 2499 646 2570 ἀναπαύων
679 2501 742 2587 τὴν
768 2499 926 2589 στρατιάν
953 2499 974 2568 ό
998 2527 1029 2568 τι
1054 2525 1116 2588 περ

157 2599 303 2688 ἀκμαῖον
320 2607 382 2671 τοῦ
406 2604 566 2688 χειμῶνος
591 2593 653 2688 ἦν,
682 2602 927 2689 Φραταφέρνην
949 2601 1012 2689 μέν
1031 2600 1116 2670 ἀπο-

158 2704 285 2772 στέλλει
303 2705 337 2783 ἐς
355 2702 521 2786 Μάρδους
538 2703 595 2770 καλ
615 2703 828 2791 Ταπούρους,
845 2702 1117 2790 Αὐτοφραδάτην

118 2827 144 2866 25
159 2803 365 2886 ἐπανάξοντα
382 2803 442 2873 τόν
460 2803 653 2891 σατράπην,
679 2803 727 2872 ότι
746 2805 904 2883 πολλάκις
926 2801 990 2891 ἤδη
1014 2803 1116 2892 μετά-ν

158 2929 304 2992 πεμπτος
339 2907 372 2986 ἐξ
401 2903 626 2993 Ἀλεξάνδρου
658 2907 855 2992 γιγνόμενος
879 2903 942 2992 ούχ
965 2902 1117 2994 ύπήκουε

156 3009 324 3076 καλοῦντι.
363 3003 566 3095 Στασάνορα
584 3007 625 3074 δέ
641 3009 674 3086 ἐς
693 3007 853 3094 Δράγγας
873 3006 1047 3096 σατράπην
1061 3009 1113 3075 ἐκ·
1136 3023 1153 3071 3

158 3109 294 3194 πέμπει,
328 3110 362 3188 ἐς
387 3108 529 3195 Μήδους
560 3106 598 3176 δὲ
621 3102 825 3197 Ἀτροπάτην
852 3108 908 3176 ἐπὶ
934 3115 1108 3197 σατραπεί,

157 3210 212 3276 καὶ
238 3211 358 3277 τοῦτον
389 3212 430 3298 τῇ
457 3209 604 3296 Μήδων,
631 3207 682 3278 ὅτι
703 3207 882 3296 Ὀξυδάτης
906 3211 1118 3278 ἐθελοκακεῖν

119 3330 144 3369 νο
158 3308 249 3402 αύτῷ
269 3313 435 3397 ἐφαίνετο.
470 3309 647 3396 Σταμένην
667 3309 704 3377 δέ
730 3311 785 3377 ἐπὶ
802 3313 1007 3394 Βαβυλῶνος
1021 3311 1118 3380 στέλ-

158 3418 224 3499 λει,
250 3409 301 3480 ὅτι
326 3420 477 3493 Μαζαῖος
504 3404 521 3479 ό
548 3407 764 3496 Βαβυλῶνιος
790 3407 940 3498 ὕπαρχος
965 3419 1116 3480 τετελευ-

157 3514 289 3600 τηκέναι
312 3510 404 3605 αύτῷ
432 3510 650 3598 ἐξηγγέλλετο.
705 3510 863 3580 Σῶπολιυ
886 3510 925 3580 δὲ
948 3513 1004 3581 καὶ
1018 3510 1118 3582 Ἐπό-

208 3633 336 3672 Annum
572 3647 578 3658 =
883 3625 914 3673 12
