2590 3948
437 219 622 294 εαιειτια
638 246 663 307 ι,
681 245 723 295 ει.
742 243 783 296 τε.
1029 237 1092 303 279

128 397 308 485 τυγχάνειν
325 395 471 486 ὑψηλοῖς
489 397 627 487 ψάμμου
644 404 797 486 βαθείας,
814 392 856 468 οῦ
874 395 1091 486 νεναγμένης,

130 497 206 568 ἀλλ’
228 504 302 580 οἵας
321 500 478 586 δέχεσθαι
496 498 649 588 καθάπερ
670 501 704 579 ἐς
725 496 833 586 πηλόν
852 494 874 585 ἡ
896 505 943 567 ἔτι
963 505 1091 587 μάλλον

132 603 167 682 ἐς
191 599 286 688 χιόνα
312 595 483 689 ἀπάτητον
510 603 753 686 ἐπιβαίνοντας.
786 599 844 669 καὶ
869 597 937 688 ἅμα
965 601 1002 669 ἐν
1018 615 1125 681 ταῖςο

131 700 340 789 προσβάσεσί
362 727 397 771 τε
422 704 478 770 καί
504 707 767 791 καταβαίνοντας
800 699 881 780 τοῦς
906 727 942 770 τε
967 704 1092 782 ἵππους

105 805 187 872 εκαὶ
213 801 293 882 τοῦς
318 800 479 890 ἡμιόνους
507 809 553 873 ἐτι
569 808 698 890 μάλλον
710 811 919 871 κακοπαθεῖν
934 803 982 894 τῷ
1001 798 1093 870 ἀνω-

130 904 225 997 μάλῳ
242 908 303 991 τής
320 899 405 972 ὁδοῦ
423 903 479 972 καλ
497 902 566 992 ἀμα
578 902 619 971 οῦ
633 907 770 996 βεβαίῳ.
797 907 866 970 τῶν
880 901 918 972 ἀὲ
931 907 1093 990 σταθμῶν

128 1006 169 1075 τά
195 1005 281 1094 μήκη
308 1005 418 1074 πιέσαι
443 1001 506 1091 οάχ
532 1001 648 1092 ήκιστα
672 1002 735 1092 τήν
762 1002 936 1091 στρατιάν·
969 1001 1093 1092 ἀπορία

129 1107 195 1196 γάρ
221 1103 344 1185 ῦόατος
370 1104 411 1174 οῦ
438 1106 703 1194 ξυμμέτρους
728 1103 860 1192 μῦλλόν
885 1129 916 1173 τι
932 1095 993 1190 ήγε
1009 1103 1094 1193 πρός

130 1206 282 1296 ἀνάγκην
307 1204 367 1286 τὰς
394 1214 532 1296 πορείας
556 1215 733 1276 ποιεῖσθαι.
776 1203 877 1274 ὁπότε
894 1203 956 1294 μὲν
974 1205 1016 1291 δή
1034 1211 1128 1293 τήςο

91 1307 253 1388 ιονυκτός
280 1306 479 1388 ἐπελθόντες
504 1307 567 1395 τὴν
591 1305 675 1377 ῦάόν
699 1301 818 1394 ἡντινα
844 1303 968 1375 ἀνόσαι
994 1309 1094 1394 ἐχρήν

131 1411 240 1478 ἕωθεν
253 1405 340 1498 πρός
352 1406 448 1497 ῦόωρ
463 1414 604 1493 ἔλθοιεν,
619 1405 659 1477 οῦ
669 1405 776 1496 πάντη
787 1408 1093 1494 ἐταλαιπωροῦντο·

131 1507 371 1599 προχωρούσης
397 1507 435 1578 ἀλ
460 1514 518 1596 τής
543 1507 670 1597 ἡμέρας
686 1505 755 1577 ἀπὸ
773 1506 901 1596 μήκους
919 1513 978 1596 τής
996 1506 1094 1596 ὀδοῦ,

131 1618 164 1681 εί
189 1607 444 1697 ὁδοιποροῦντες
472 1615 519 1679 ἔτι
545 1612 841 1697 ἐγκαταληφθεῖεν,
869 1611 1019 1678 ἐνταῦθα
1051 1604 1094 1678 ἀν

133 1709 384 1798 ἐταλαιπώρουν
409 1707 492 1798 πρός
517 1715 580 1779 τοῦ
604 1709 775 1798 καύματός
792 1709 901 1779 τεκαὶ
919 1708 988 1798 ἀμα
1004 1714 1095 1793 ἀίιγει

94 1836 120 1878 ιι
133 1810 296 1904 ἀπαόστφ
322 1809 548 1898 συνεχόμενοι.

213 1914 288 1983 Τόν
320 1911 359 1981 δὲ
389 1911 431 1999 δὴ
461 1909 655 1998 ὑποζυγίων
686 1911 792 1992 πολός
823 1909 841 1981 ὁ
874 1911 1005 2001 φθόρος
1034 1912 1146 1983 καλ25

132 2012 283 2093 ἐκοόσιος
299 2016 341 2101 τῇ
361 2019 498 2104 στρατιᾷ
517 2017 684 2100 ἐγίγνετο·
711 2009 883 2094 ξυνιόντες
896 2013 974 2101 γάρ,
993 2010 1095 2082 όπότε

133 2118 295 2185 ἐπιλείποι
309 2117 397 2202 σφάς
409 2112 450 2183 τά
470 2123 558 2186 σιτία
570 2116 627 2183 καὶ
639 2117 707 2184 τῦν
724 2117 838 2183 ἵππων
851 2112 932 2194 τοῦς
946 2112 1095 2194 πολλοῦς

131 2215 379 2302 ἀποσφάζοντες
404 2217 463 2285 καλ
487 2220 555 2286 τῦν
578 2210 727 2305 ἡμιόνων
750 2214 792 2282 τά
808 2214 891 2303 κρέα
910 2215 1093 2302 ἐσιτοῦντο,

91 2343 119 2384 το
132 2317 189 2386 καὶ
207 2323 323 2402 ἔλεγον
349 2321 439 2396 όίήει
460 2314 649 2388 ἀποθανεῖν
666 2311 793 2395 αῦτοῦς
819 2310 926 2402 ἡόπό
944 2313 1094 2402 καμάτου

133 2416 343 2496 ἐκλιπόντας·
361 2417 419 2485 καί
432 2415 450 2485 ό
463 2417 525 2508 τήν
538 2417 711 2506 ἀτρέκειαν
723 2419 785 2485 τοῦ
801 2421 902 2504 ἔργου
917 2414 1094 2501 ἐξελέγξων

130 2516 202 2588 ῦπό
227 2543 262 2586 τε
287 2521 347 2585 τοῦ
375 2516 484 2588 πόνον
510 2519 625 2598 οῦάελς
642 2509 684 2606 ήν
701 2518 758 2586 καὶ
778 2514 829 2585 ότι
847 2516 1036 2603 ξόμπαντες
1053 2515 1094 2586 τά

132 2618 219 2690 αῦτά
244 2615 445 2704 ἡμάρτανον.
471 2621 528 2688 καὶ
543 2618 763 2706 Ἁλέξανδρον
780 2616 844 2704 μέν
862 2615 925 2686 οῦκ
944 2616 1129 2704 ἐλελήθειν

132 2720 173 2788 τά
190 2717 385 2806 γιγνόμενα,
404 2728 494 2788 ίασιν
512 2718 550 2787 δέ
566 2723 635 2787 τόν
652 2717 832 2807 παρόντων
851 2717 940 2806 έοόρα
957 2715 1020 2805 τήν
1036 2719 1095 2807 τῆς

91 2847 120 2888 τι
133 2821 271 2907 ἀγνοίας
289 2827 510 2909 προσποίησιν
533 2818 663 2908 μᾶλλόν
677 2845 709 2888 τι
725 2813 746 2907 ἡ
762 2817 825 2907 τήν
844 2815 889 2898 ῦς
906 2838 1094 2905 γιγνωσκο-

131 2923 244 3010 μένων
254 2917 463 3009 ἐπιχόρησιν.
481 2918 609 2991 οῦκουν
622 2917 705 2989 οὐδέ
717 2916 799 3000 τοῦς
807 2919 897 3013 νόσφ
906 2919 1094 3009 κάμνοντας

130 3025 190 3111 τὴς
207 3021 362 3109 στρατιάς
379 3019 462 3091 οῦδὲ
473 3021 555 3102 τοῦς
574 3020 629 3091 ὃιά
643 3021 793 3109 κάματον
805 3018 1094 3109 ἀπολειπομένους

132 3126 171 3194 ἐν
194 3136 268 3203 ταῖς
294 3118 387 3202 ὁδοῖς
413 3120 507 3210 ἀγειν
534 3129 582 3193 ἐτι
598 3115 640 3210 ήν
659 3121 815 3212 εῦμαριῦς
832 3120 956 3215 ἀπορίᾳ
973 3127 1093 3192 τετῶν

130 3222 322 3309 ὑποζυγίων
347 3225 404 3292 καὶ
431 3222 480 3293 ὅτι
500 3222 562 3305 τάς
586 3222 712 3312 ἀμάξας
744 3223 844 3293 αότοὶ
876 3225 1093 3311 κατέκοπτον,

92 3321 282 3413 ωάπόρους
315 3321 420 3405 οῦσας
454 3323 569 3406 αὐτοῖς
604 3323 673 3394 ῦπό
706 3325 836 3412 βάθους
868 3331 928 3412 τῆς
955 3324 1093 3414 ψάμμου

131 3425 287 3516 ἀγεσθαι,
307 3426 365 3495 καὶ
379 3424 429 3497 ότι
443 3430 479 3497 ἐν
491 3440 563 3506 τοῖς
576 3426 720 3515 πράτοις
734 3436 897 3515 σταθμοῖς
916 3428 970 3494 όιά
988 3429 1094 3498 ταῦτα

132 3526 389 3620 ἐξηναγκάζοντο
416 3526 457 3598 οῦ
484 3526 544 3609 τάς
569 3527 781 3618 βραχυτάτας
800 3527 885 3596 ίέναι
902 3532 973 3594 τῶν
991 3528 1093 3612 όόῦν,
