2664 3946
488 261 676 315 ΑΝΔΒΑΣΙΣ
693 265 718 327 2,
737 265 777 316 13.
987 277 990 280 '
1068 260 1109 325 ’Π

232 402 448 492 Φαρνάβαζος
462 401 500 471 δὲ
513 404 570 472 καλ
581 401 850 493 Αὐτοφραδάτης
862 404 944 483 τέως
957 401 1019 491 μὲν
1033 405 1110 489 περὶ
1126 418 1145 470 4

149 502 217 589 τήν
232 512 316 574 Χίον
334 506 514 593 διέτριβον·
541 505 806 592 καταστήσαντες
823 503 862 574 δὲ
879 503 1035 593 φρουράν
1051 508 1110 592 τής

26 567 28 706 s
151 613 244 676 Χίου
268 604 328 685 τάς
351 606 413 692 μέν
436 631 529 685 τινας
552 608 621 674 τῶν
643 609 732 675 νεῶν
756 610 790 686 ἐς
808 609 868 675 Κῶ
885 607 943 674 καὶ
957 605 1111 695 Ἁλικαρ-

26 729 27 740 ³
150 705 282 775 νασσόν
297 713 460 775 ἔστειλαν·
487 705 585 775 αὐτοὶ
598 705 637 776 δέ
652 706 772 776 ἑκατὸν
784 709 888 776 ναυσὶ
905 722 980 787 ταῖς
993 705 1111 797 άριστα

124 838 138 878 ε
152 806 334 886 πλεούσαις
347 806 548 894 ἀναγόμενοι
561 811 595 886 ἐς
609 817 745 895 Σίφνον
758 809 928 894 κατέσχον.
961 810 1019 877 καί
1033 805 1108 897 παρ’

152 907 284 988 αὐτούς
298 907 487 996 ἀφικνεῖται
495 901 588 994 Ἀγις
606 907 624 976 6
642 913 712 978 τῶν
725 914 1000 996 Λακεδαιμονίων
1012 917 1111 998 βασι-

153 1009 236 1089 λεύς
255 1011 309 1078 ἐπὶ
327 1014 403 1096 μιᾶς
419 1009 594 1098 τριήρους,
611 1011 763 1099 χρήματά
779 1036 815 1079 τε
832 1011 980 1097 αἰτήσων
999 1014 1032 1089 ἐς
1050 1010 1111 1078 τὸν

152 1111 302 1197 πόλεμον
319 1113 376 1178 καὶ
399 1111 545 1198 δύναμιν
566 1110 729 1198 ναυτικήν
752 1113 861 1180 τεκαὶ
879 1111 1011 1199 πεζικήν
1028 1109 1111 1199 ὅσην

22 1295 23 1298 ¹
153 1219 315 1300 πλείστην
342 1211 496 1292 ἀξιοίσων
519 1213 715 1299 συμπέμψαι
738 1217 775 1282 οί
796 1215 829 1292 ἐς
852 1212 914 1298 τήν
932 1212 1110 1283 Πελοπόν-

113 1344 139 1383 ιο
152 1333 270 1401 νησον.
315 1315 372 1381 καὶ
403 1317 440 1382 ἐν
463 1312 575 1405 τούτφ
598 1311 739 1400 ἀγγελία
760 1311 877 1392 αὐτοῖς
902 1319 1031 1402 ἐρχεται
1052 1316 1145 1400 τήςο

21 1440 22 1450 ’
153 1415 262 1502 μάχης
291 1417 349 1502 τής
373 1413 460 1502 πράς
478 1411 574 1505 Ἰσσῷ
597 1417 786 1502 γενομένης.
830 1416 1049 1500 ἐκπλαγέντες
1072 1414 1112 1484 δὲ

154 1515 240 1605 πρὸς
262 1515 304 1583 τά
323 1516 567 1602 ἐξαγγελθέντα
586 1517 801 1604 Φαρνάβαζος
818 1515 881 1604 μὲν
898 1516 965 1584 σύν
981 1515 1111 1585 δώδεκα

152 1617 301 1706 τριήρεσι
317 1619 377 1685 καλ
394 1621 462 1685 τῶν
479 1616 700 1706 μισθοφόρων
717 1619 823 1698 ξένων
840 1616 903 1698 ξύν
919 1624 1036 1704 χιλίοις
1053 1619 1111 1686 καὶ

92 1721 95 1728 ’
153 1726 389 1798 πεντακοσίοις,
409 1719 464 1787 ἐπὶ
482 1724 569 1786 Χίου
596 1718 734 1806 ἐστάλη,
765 1724 879 1798 δείσας
901 1718 947 1806 μή
970 1745 1001 1786 τι
1025 1717 1111 1807 πρὸς

115 1848 140 1889 ιε
153 1819 217 1906 τήν
234 1819 398 1906 ἀγγελίαν
414 1821 473 1904 τῆς
491 1815 589 1906 ήττης
607 1823 643 1887 oc
653 1829 731 1888 Χῖοι
746 1826 997 1908 νεωτερίσωσιν.
1017 1811 1110 1906 Ἀγις
1128 1833 1144 1883 6

155 1921 195 1990 δὲ
225 1919 299 2010 παρ’
326 1919 599 2008 Αὐτοφραδάτου
629 1919 776 1997 τάλαντα
804 1919 972 2010 ἀργυρίου
996 1921 1110 2010 λαβάν

154 2021 335 2108 τριάκοντα
364 2023 422 2090 καί
446 2021 586 2110 τριήρεις
613 2023 712 2110 δέκα,
746 2021 872 2102 ταύτας
894 2021 957 2110 μὲν
976 2020 1111 2091 Ἱππίαν

154 2122 277 2204 ἄξοντα
305 2121 499 2192 ἀποστέλλει
528 2123 618 2210 παρὰ
644 2123 705 2192 τὸν
734 2121 884 2209 ἀδελφὸν
912 2124 973 2192 τὸν
1002 2122 1110 2192 αὐτοῦ

150 2223 352 2313 Ἀγησίλαον
380 2226 436 2293 ἐπὶ
466 2231 650 2312 Ταίναρον.
688 2225 746 2293 καί
771 2226 1013 2311 παραγγέλλειν
1037 2225 1111 2293 ἐκέ-

114 2356 142 2398 ιο
157 2335 275 2395 λευσεν
289 2324 493 2416 Ἀγησιλάῳ,
517 2325 654 2393 διδόντα
670 2340 742 2404 τοῖς
758 2325 899 2404 ναύταις
917 2328 1032 2410 ἐντελή
1049 2325 1111 2392 τὸν

155 2428 280 2515 μισδόυ
298 2435 396 2494 πλεῖν
413 2427 474 2514 τήν
491 2433 651 2513 ταχίστην
670 2427 725 2494 ἐπὶ
744 2426 896 2514 Κρήτης,
920 2425 966 2506 ιδς
982 2426 1023 2493 τά
1043 2429 1114 2496 ἐκεί

155 2527 452 2615 καταστησόμενον.
493 2525 596 2606 αὐτὸς
615 2525 654 2595 δὲ
671 2527 744 2594 τότε
760 2525 823 2613 μὲν
840 2524 948 2595 αὐτοῦ
975 2529 1012 2596 ἐν
1035 2541 1111 2607 ταῖς

155 2629 270 2716 νήσοις
283 2627 464 2716 ὐπέμενεν,
481 2625 676 2716 ὕστερονδὲ
691 2634 740 2707 είς
754 2626 1016 2716 Ἁλικαρνασσὸν
1034 2626 1108 2717 παρ’

148 2729 422 2819 Αὐτοφραδάτην
440 2727 587 2817 ἀφίκετο.

116 2857 143 2898 ει
229 2829 445 2920 Ἀλέξανδρος
469 2829 507 2898 δέ
532 2828 704 2919 σατράπην
727 2828 789 2917 μδυ
808 2837 923 2920 Συρία
946 2832 989 2919 τή
1013 2834 1145 2920 κοιλήλ

158 2934 307 3003 Μένωνα
337 2931 398 3000 τὸν
428 2936 605 3018 Κερδίμμα
637 2931 789 3018 ἐπέταξε,
825 2931 906 3011 δούς
938 2930 1031 3022 αὐτῷ
1062 2939 1111 3012 είς

156 3034 313 3123 φυλακήν
343 3036 402 3120 της
431 3031 542 3120 χώρας
570 3031 651 3112 τούς
678 3035 747 3099 τῶν
769 3032 954 3120 συμμάχων
979 3034 1109 3113 ίππέας.

156 3134 260 3214 αὐτὸς
278 3134 316 3204 δὲ
334 3136 389 3203 ἐπὶ
409 3142 567 3220 Φοινίκης
585 3131 650 3221 ήει.
686 3134 743 3201 καὶ
761 3131 893 3223 ἀπαντᾷ
913 3132 1007 3224 αὐτῷ
1025 3137 1109 3204 κατά

153 3237 217 3326 τήν
231 3235 313 3305 ὁδὸν
323 3235 487 3323 Στράτων
501 3232 519 3302 6
535 3233 765 3355 Ιηροσγράτου
780 3251 859 3314 παῖς
871 3236 933 3303 τού
944 3233 1111 3324 Ἀραδίων

116 3363 142 3405 ιο
155 3365 191 3408 τε
208 3339 266 3406 καὶ
282 3340 352 3405 τῶν
365 3335 496 3428 Ἀράδφ
513 3342 704 3425 προσοίκων
716 3337 888 3424 βασιλέως·
915 3333 933 3402 6
948 3335 987 3404 δὲ
1000 3336 1110 3426 1606-

157 3462 297 3527 στρατος
327 3436 431 3517 αὐτὸς
457 3435 522 3524 μετ’
548 3435 819 3525 Αὐτοφραδάτου
845 3442 936 3504 ἐπλει
961 3439 1016 3506 έπλ
1040 3441 1110 3504 τάν

155 3542 264 3628 νεῶν,
289 3540 347 3609 καὶ
372 3545 407 3609 oc
427 3536 522 3607 ἀλλοι
539 3543 624 3606 οἵτε
641 3539 709 3604 τῶν
729 3544 897 3605 Φοινίκων
913 3538 972 3604 καὶ
990 3542 1027 3605 οἱ
1039 3541 1110 3605 τῶν
