2678 3950
497 253 681 306 ιαεεεειε
698 259 724 320 ι,
742 258 784 308 εε.
1061 253 1122 318 185

159 408 239 499 παρ’
264 408 385 490 Ἰνδοῖς
413 410 610 499 νομιζόμενα
635 419 836 500 κομίζοντες,
861 415 919 482 καλ
943 409 1023 491 τούς
1048 412 1121 482 ἐλάα

159 538 288 600 φαντας
315 511 438 581 δύσειν
464 517 613 598 ἔφασκον
639 515 718 593 τοδς
751 513 839 603 παρὰ
868 521 983 600 σφίσιν
1010 512 1122 600 ὄντας,

160 607 307 702 άριθμδν
334 615 368 692 ἐς
394 615 494 681 πέντε
519 615 576 681 καὶ
603 623 737 683 είκοσιν.
1050 678 1052 685 .

231 711 337 784 Ἔνθα
357 713 400 801 δή
419 713 539 784 διελών
559 713 621 802 τήν
641 715 799 806 στρατιάν
812 713 1040 802 Ἡφαιστίωνα
1059 713 1155 802 μὲντ

134 817 217 884 ικαλ
236 821 429 903 Περδίκκαν
449 816 608 904 ἐκπέμπει
627 818 660 896 ἐς
677 816 739 904 τήν
753 822 988 886 Πευκελαῶτιν
1007 815 1122 902 χάραν

161 916 207 996 ιδς
226 917 281 985 ἐπὶ
299 916 361 984 τόν
375 913 486 986 Ἰνδὸν
504 917 666 1006 ποταμόν,
686 925 823 1004 ἔχωσας
840 917 902 1004 τήν
919 943 956 986 τε
974 924 1121 1005 Γοργίου

160 1019 253 1100 τάξιν
271 1020 328 1086 καλ
347 1025 492 1088 Κλείτου
510 1020 567 1088 καὶ
588 1019 792 1108 Μελεάγρου
811 1021 867 1087 καλ
886 1023 955 1087 τῶν
979 1021 1122 1107 ἑταίρων

160 1120 290 1188 ἱππέων
307 1119 390 1199 τούς
407 1119 547 1208 ήμίσεας
565 1121 621 1188 καλ
639 1120 718 1199 τοδς
742 1119 975 1208 μισθοφόρους
1001 1119 1122 1198 ίππέας

160 1217 368 1308 ξύμπαντας,
391 1218 581 1310 προστάξας
598 1220 640 1289 τά
659 1248 695 1290 τε
711 1221 797 1291 κατά
820 1221 883 1308 τήν
907 1219 992 1289 ὁδόν
1014 1226 1121 1309 χωρία

121 1318 181 1408 ιοή
206 1328 266 1412 βίᾳ
294 1323 439 1410 ἐξαιρεῖν
464 1318 486 1410 ή
513 1321 677 1413 ὁμολογίᾳ
704 1330 948 1411 παρίστασθαι·
981 1323 1038 1390 κοιλ
1066 1323 1121 1390 ἐπὶ

158 1423 219 1492 τὸν
234 1421 344 1493 Ἰνδόν
362 1423 516 1512 ποταμόν
534 1421 760 1512 ἀφικομένους
780 1421 1040 1512 παρασκευάζειν
1058 1420 1122 1490 ὅσα

161 1527 194 1604 ἐς
211 1524 273 1612 τήν
291 1524 447 1613 διάβασιν
463 1527 525 1594 τοῦ
544 1529 696 1613 ποταμοῦ
716 1525 882 1614 ξύμφορα.
910 1522 974 1606 ξύν
990 1523 1123 1603 τούτοις

160 1625 198 1694 δὲ
223 1626 281 1694 καὶ
313 1627 455 1714 Ταξίλης
484 1627 542 1694 καὶ
570 1631 607 1695 ολ
626 1625 723 1695 ἄλλοι
745 1624 892 1712 ὕπαρχοι
917 1626 1121 1694 στέλλονται.

159 1728 216 1795 καὶ
244 1716 337 1797 οὗτοι
361 1725 406 1806 οἱς
432 1726 596 1814 ἀφίκοντο
624 1727 708 1815 πρὸς
733 1727 795 1795 τόν
817 1724 928 1796 Ἰνδὸν
959 1725 1156 1814 ποταμόν,8

121 1856 146 1898 ιο
161 1833 330 1916 ἔπρασσον
348 1826 413 1897 ὅσα
431 1830 464 1910 ἐξ
479 1827 704 1918 Ἀλεξάνδρου
722 1819 764 1914 ήν
781 1829 975 1916 τεταγμένα.
998 1826 1123 1913 Ἀστης

159 1929 198 1998 δὲ
220 1927 238 1996 ὁ
263 1934 323 2016 τής
342 1929 616 2010 Πευκελαώτιδος
634 1929 745 2018 χώρας
758 1927 910 2017 ὕπαρχος
923 1935 1123 2018 νεωτερίσας

159 2029 262 2111 αὐτός
279 2057 315 2100 τε
333 2029 594 2100 ἀπόλλυταικαὶ
611 2030 675 2118 τήν
692 2031 791 2100 πόλιν
809 2030 1070 2118 προσαπώλεσεν
1089 2032 1123 2109 ἐς

158 2129 275 2218 ήντινα
288 2133 527 2220 ξυμπεφεύγει.
556 2134 684 2215 ἐξεῖλον
697 2131 762 2220 γάρ
772 2131 879 2218 αὐτήν
894 2135 932 2200 ἐν
945 2131 1123 2219 τριάκοντα

159 2232 297 2320 ἡμέραις
327 2233 599 2322 προσκαθήμενοι
624 2238 662 2302 οδ
690 2232 754 2316 ξύν
783 2227 1011 2320 Ἡφαιστίωνι.
1065 2234 1123 2300 καλ

119 2361 147 2402 ιο
161 2333 263 2413 αὐτὸς
276 2333 466 2423 μὲνἍστης
484 2335 707 2422 ἀποθνήσκει,
725 2339 783 2422 τῆς
801 2333 931 2413 πόλεως
945 2333 984 2402 δὲ
999 2333 1122 2420 ἐτάχθη

162 2438 389 2522 ἐπιμελεῖσθαι
408 2445 599 2523 Σαγγαῖος,
626 2432 664 2516 ὃς
691 2441 739 2505 ἔτι
764 2435 917 2522 πρόσθεν
944 2433 1123 2521 πεφευγὼς

152 2535 279 2624 ’Ἄστην
302 2537 393 2625 παρὰ
424 2539 568 2624 Ταξίλην
594 2535 832 2624 ηὐτομολήκει·
873 2540 931 2603 καλ
955 2541 1056 2605 τούτο
1078 2526 1123 2622 ήν

161 2637 254 2728 αύτῷ
281 2637 320 2704 τδ
347 2638 466 2707 πιστόν
493 2640 578 2727 πρὸς
601 2637 834 2725 Ἀλέξανδρον.

232 2736 451 2826 Ἀλέξανδρος
469 2741 519 2827 δέ,
537 2737 630 2825 άγων
647 2739 728 2819 τούς
744 2738 960 2818 ὑπασπιστάς
974 2739 1032 2806 καὶ
1050 2742 1120 2806 τοῖν
1131 2737 1173 2804 23

120 2864 147 2906 ιε
162 2841 304 2928 ἑταίρων
323 2843 453 2909 ἱππέων
471 2838 544 2910 ὅσοι
560 2841 605 2929 μή
628 2841 692 2921 ξδν
706 2841 923 2927 Ἡφαιστίωνι
947 2838 1122 2925 ἐτετάχατο

159 2942 216 3010 καλ
232 2944 303 3009 τῶν
320 2948 521 3031 πεζεταίρων
534 2943 755 3030 καλουμένων
767 2943 827 3022 τὰς
845 2943 954 3024 τάξεις
966 2943 1024 3012 καὶ
1040 2939 1122 3021 τούς

158 3041 296 3124 τοξότας
313 3043 370 3112 καλ
386 3043 468 3123 τούς
480 3043 656 3134 Ἀγριᾶνας
674 3045 732 3112 καὶ
750 3042 830 3123 τούς
850 3042 1122 3130 ἱππακοντιστάς,

160 3143 351 3234 προύχάρει
370 3147 403 3226 ἐς
415 3144 675 3233 τήνἈσπασίων
689 3172 724 3215 τε
738 3145 796 3213 καλ
811 3153 989 3234 Γουραίων
1006 3145 1121 3233 χάραν

159 3245 216 3315 καὶ
226 3243 452 3335 Ἀσσακηνῶν.
474 3249 655 3335 πορευθείς
669 3245 880 3334 δὲπαράτδν
887 3247 981 3335 Χόην
994 3243 1120 3314 καλού-
1139 3261 1155 3307 2

121 3369 147 3411 ιο
160 3373 262 3435 μενον
276 3346 426 3436 ποταμὸν
440 3347 574 3435 ὀρεινήν
586 3374 622 3417 τε
635 3346 717 3417 ὁδὸν
730 3348 788 3417 καὶ
800 3363 957 3436 τραχεῖαν
970 3349 1027 3416 καί
1041 3347 1122 3415 τοῦ-

160 3475 220 3517 τον
238 3449 358 3539 διαβάς
375 3451 530 3536 χαλεπῶς
546 3449 584 3516 τό
603 3448 665 3537 μὲν
685 3455 792 3532 πεζῶν
809 3448 847 3518 τό
866 3451 996 3535 πλῆθος
1013 3448 1122 3536 βάδην

161 3551 307 3619 ἕπεσθαί
330 3555 367 3620 οί
391 3551 582 3620 ἐκέλευσεν·
636 3547 739 3630 αὐτὸς
766 3549 805 3618 δὲ
831 3548 1014 3640 άναλαβολν
1041 3549 1122 3630 τούς
