2678 3950
477 228 662 280 εεεεεευε
678 229 703 292 ι,
722 230 762 281 ιι.
781 231 822 284 ιε.
1067 228 1130 293 215

167 384 294 474 κρύψαι
318 386 377 470 τῆς
396 383 579 474 διαβάσεως
596 385 657 473 τὴν
677 388 891 473 ἐπιχείρησιν,
917 383 1023 475 ταύτῃ
1044 391 1130 473 ἔγνω

168 486 364 574 διαβιβάζειν
381 485 442 554 τόν
461 485 614 574 στρατόν.
656 484 801 574 ἀπεῖχε
818 485 857 556 δὲ
874 485 895 574 ἦ
912 513 948 555 τε
966 484 1052 574 άκρα
1070 489 1128 557 καὶ
1146 502 1162 552 2

169 584 189 673 ἡ
214 589 316 674 νῆσος
341 590 403 656 τοῦ
430 587 577 676 μεγάλου
604 589 833 675 στρατοπέδου
861 589 894 668 ἐς
921 589 1130 676 πεντήκοντα

169 689 225 756 καὶ
254 686 374 757 ἑκατόν
401 694 569 769 σταδίους.
613 689 704 776 παρὰ
731 694 843 758 πάσαν
870 688 909 758 δὲ
933 688 995 776 τὴν
1022 688 1131 778 ὄχθην

143 796 322 876 εφυλακαί
344 815 379 858 τε
406 787 499 882 αύτῷ
518 800 759 877 καθεστηκυῖαι
775 781 875 878 ἦσαν,
901 795 1131 860 διαλείπουσαι

169 887 249 958 ὅσον
283 889 473 979 ξύμμετρον
507 893 539 972 ές
572 890 609 961 τδ
643 895 790 979 ξυνορᾶν
816 919 852 960 τε
879 889 1047 978 ἀλλήλους
1073 895 1130 962 καὶ

167 991 366 1060 κατακούειν
393 992 540 1073 εὐπετῶς
567 991 696 1062 ὁπόθεν
720 1020 751 1061 τι
768 994 1044 1080 παραγγέλλοιτο,
1074 997 1130 1064 καί

167 1093 381 1180 πανταχόθεν
412 1101 494 1182 βοαί
523 1120 559 1163 τε
592 1095 727 1182 νύκτωρ
760 1095 815 1162 ἐπὶ
848 1092 975 1174 πολλάς
1004 1095 1131 1176 νύκτας

170 1196 344 1280 έγίγνοντο
371 1196 428 1264 καὶ
455 1193 547 1284 πυρά
577 1197 713 1264 έκαίετο.

129 1325 154 1366 ιο
242 1292 373 1382 Ἐπειδὴ
400 1295 438 1364 δὲ
466 1302 553 1382 ἔγνω
572 1299 747 1386 ἐπιχειρεῖν
766 1300 813 1388 τῷ
832 1295 939 1386 πόρφ,
965 1295 1049 1364 κατά
1069 1297 1165 1384 μένε

167 1395 204 1484 τό
234 1395 461 1484 στρατόπεδον
487 1400 643 1488 φανερῶς
679 1395 770 1488 αύτῷ
797 1396 838 1464 τά
865 1398 922 1482 τῆς
949 1397 1132 1485 διαβάσεως

168 1497 438 1585 παρεσκευάζετο.
507 1500 565 1567 καί
605 1497 776 1587 Κράτερός
816 1495 1033 1566 ὑπελέλειπτο
1076 1500 1132 1568 ἐπὶ

169 1599 396 1684 στρατοπέδου
428 1597 490 1685 τὴν
524 1626 560 1668 τε
594 1599 702 1668 αὐτοῦ
739 1605 824 1686 ἔχων
858 1601 1044 1686 ἱππαρχίαν
1075 1600 1133 1668 καὶ

168 1699 249 1778 τούς
276 1702 308 1781 ἐξ
326 1698 523 1787 Ἀραχωτῶν
541 1701 598 1768 καὶ
613 1694 917 1788 Παραπαμισαδῶν
936 1701 1057 1780 ἱππέας
1074 1703 1132 1769 καί

132 1828 156 1868 15
170 1802 230 1886 τῆς
258 1801 431 1888 φάλαγγος
456 1804 525 1870 τῶν
543 1801 756 1870 Μακεδόνων
773 1801 835 1888 τήν
851 1827 887 1869 τε
901 1799 1057 1871 Ἀλκέτου
1075 1803 1133 1870 καί

168 1899 231 1986 την
250 1903 552 1990 Πολυσπέρχοντος
578 1903 672 1984 τάξιν
698 1904 755 1971 καί
777 1900 858 1980 τούς
875 1902 1046 1989 νομάρχας
1063 1906 1133 1972 τῶν

170 2003 225 2070 ἐπὶ
251 2001 330 2071 τάδε
345 2001 461 2072 Ἰνδῶν
487 2006 544 2072 καί
562 2004 643 2084 τούς
665 2001 733 2092 άμα
759 2002 890 2082 τούτοις
908 2002 990 2083 πούς
1008 2027 1133 2074 πεντα-

167 2111 360 2190 κισχιλίους.
388 2107 635 2193 παρηγγέλλετο
649 2104 688 2174 δέ
705 2105 866 2196 Κρατέρῳ
879 2105 924 2191 μὴ
943 2103 1132 2192 πρόσθεν
1150 2120 1166 2169 4

170 2207 355 2292 διαβαίνειν
372 2205 433 2275 τόν
451 2207 558 2295 πόρον
576 2209 658 2295 πρὶν
675 2204 909 2292 ἀπαλλαγῆναι
927 2209 1052 2294 Πάρον
1070 2207 1133 2286 ξύν

130 2336 156 2376 νο
171 2310 213 2392 τῇ
228 2307 370 2394 δυνάμει
388 2307 434 2387 ὥς
457 2310 511 2378 ἐπὶ
524 2303 648 2396 σφάςῆ
667 2307 838 2396 φεύγοντα
855 2316 991 2393 μαθεῖν,
1006 2305 1133 2386 αύτούς

170 2409 208 2474 δὲ
239 2411 421 2488 νικῶντας·
474 2404 517 2494 ἣν
550 2409 589 2478 δὲ
614 2411 714 2498 μέρος
748 2409 810 2496 μέν
836 2433 866 2474 τι
891 2411 950 2493 τῆς
979 2411 1133 2497 στρατιάς

169 2506 352 2596 άναλαβάυ
371 2513 492 2597 Πῶρος
521 2507 574 2579 ἐπ’
605 2509 662 2597 ἐμὲ
689 2509 768 2598 άγη,
795 2509 895 2598 μέρος
923 2508 964 2576 δέ
987 2535 1018 2576 τι
1044 2508 1132 2578 ύπο-

169 2614 298 2697 λειφθῇ
325 2607 418 2700 αύτῷ
447 2611 502 2678 ἐπὶ
529 2611 757 2697 στρατοπέδου
784 2612 840 2678 καὶ
869 2610 1060 2698 ἐλέφαντες,
1087 2609 1130 2679 σύ

170 2708 209 2778 δέ
235 2709 277 2795 δὴ
304 2710 360 2778 καὶ
387 2709 432 2790 ὣς
455 2711 567 2798 μένειν
586 2710 669 2779 κατά
688 2711 818 2800 χώραν’
855 2717 887 2780 εί
903 2710 942 2779 δὲ
959 2709 1040 2791 τούς
1059 2713 1133 2780 ἐλέ-

129 2839 155 2882 εε
170 2837 300 2899 φαντας
319 2809 514 2898 ξύμπαντας
532 2811 601 2899 άμα
619 2807 655 2882 οἶ
670 2810 744 2898 άγει
762 2814 884 2900 Πεῖρος
904 2809 956 2880 ἐπ’·
978 2814 1046 2900 ἐμέ,
1072 2817 1132 2900 τῆς

169 2911 207 2980 δὲ
234 2911 334 2999 ἄλλης
361 2917 515 3002 στρατιᾶς
532 2911 749 2984 ύπολείποιτό
767 2939 798 2981 τι
817 2915 872 2982 ἐπὶ
890 2914 1132 3002 στρατοπέδου,

169 3013 212 3082 σύ
239 3012 277 3082 δέ
294 3019 485 3100 διαβαίνειν
498 3020 634 3104 σπουδῇ
643 3033 651 3048 ·
691 3019 727 3084 οί
741 3013 807 3102 γάρ
827 3016 1005 3102 ἐλέφαντες
1022 3015 1132 3104 μόνοι,

169 3119 245 3202 ἔφη,
272 3112 396 3204 άποροί
420 3122 506 3184 είσιυ
533 3117 617 3205 πρὸς
642 3115 722 3196 τοδς
743 3119 961 3204 ἐκβαίνοντας
988 3121 1131 3197 ἵππους·

167 3213 188 3304 ἡ
215 3215 253 3284 δὲ
279 3214 363 3304 άλλη
391 3215 528 3306 στρατιά
555 3216 709 3307 εύπορος.

130 3345 155 3386 ιο
251 3322 364 3388 Ταῦτα
389 3317 452 3405 μὲν
479 3320 640 3412 Κρατέρῳ
668 3319 863 3388 ἐνετέλλετο.
912 3320 949 3386 έν
975 3319 1065 3411 μέσφ
1092 3317 1130 3388 δέ
1144 3329 1182 3394 12

168 3421 225 3506 της
252 3419 357 3507 νήσου
384 3447 420 3489 τε
445 3421 502 3488 καί
528 3425 590 3488 τού
615 3419 764 3508 μεγάλου
792 3419 1041 3508 στρατοπέδου,
1075 3425 1133 3489 ἵνα
1169 3471 1172 3478 .

169 3519 261 3611 αύτῷ
296 3521 466 3611 Κράτερος
502 3517 740 3610 ὑπολέλειπτο,
779 3519 975 3610 Μελέαγρός
1009 3547 1045 3589 τε
1075 3522 1132 3590 καὶ
