2664 3946
488 244 671 297 ΔΝΔΒΔΣΙΣ
688 245 714 308 δ,
732 246 757 296 ἵ.
1041 241 1102 308 107

146 382 326 474 χρημάτων
355 374 456 463 αὖθις
482 383 605 472 ἐτάχθη
626 380 805 472 Ἅρπαλος.
849 385 884 463 ἐς
907 388 1042 454 Λυδίαν
1064 383 1103 454 δὲ

147 485 321 573 σατράπην
344 486 551 572 Μένανδρον
583 485 741 572 ἐκπέμπει
763 489 832 552 τῶν
857 485 1016 571 ἑταίρων·
1048 487 1138 554 ἐπὶ8

147 585 268 667 δλτοϊς
282 587 401 673 ξένοις,
417 577 464 654 ὧν
477 585 591 672 ἡγεῖτο
600 588 816 674 Μένανδρος,
830 587 1002 673 Κλέαρχος
1011 583 1104 678 αὐτῷ

150 687 284 776 ἐτάχθη.
319 687 396 756 άντλ
413 686 451 756 δὲ
465 685 608 776 Ἀρίμμα
625 687 800 775 σατράπην
818 693 951 775 Συρίας
964 686 1105 774 Ἀσκλη-

121 788 317 877 ιπιόδωρον
335 789 397 856 τόν
411 785 564 859 Εὐνίκου
579 787 762 876 ἀπέδειξεν,
781 785 832 855 ὅτι
844 785 1007 876 Ἀρίμμας
1019 795 1105 876 βλα-

147 893 266 960 κεῦσαι
284 889 392 960 ἐδόκει
409 887 503 982 αὐτῷ
524 892 561 959 ἐν
573 894 615 978 τῇ
630 893 826 978 παρασκευῇ
845 886 962 974 ἥντινα
981 889 1105 978 ἐτάχθη

148 991 402 1080 παρασκευάσαι
426 993 468 1078 τῇ
487 994 624 1080 στρατιᾷ
648 989 732 1058 κατδι
756 989 818 1078 τὴν
840 988 924 1059 δδὸν
939 992 1001 1076 τὴν
1023 988 1104 1059 άνω.

225 1093 294 1162 Καὶ
325 1090 465 1178 άφίκετο
499 1095 533 1172 ἐς
560 1091 723 1172 Θάψακον
751 1089 970 1180 Ἀλέξανδρος
999 1091 1134 1180 μηνδς7

145 1192 431 1282 Ἑκατομβαιῶνος
450 1194 506 1262 ἐπὶ
532 1191 694 1280 ἄρχοντος
714 1190 894 1279 Ἀθήνησιν
907 1191 1107 1280 Ἀριστοφά·

109 1321 137 1363 ιο
148 1312 247 1376 νους·
265 1295 323 1363 καλ
341 1294 587 1383 καταλαμβάνει
604 1299 705 1363 δυοῖν
722 1292 891 1382 γεφύραιν
910 1295 1107 1381 ἐζευγμένον

129 1396 209 1465 ,τόν
222 1395 339 1486 πόρον.
371 1397 428 1464 καὶ
446 1396 513 1483 γάρ
525 1398 583 1464 καί
594 1403 758 1482 Μαζαῖος,
776 1391 843 1485 ὅτῳ
860 1393 881 1482 ἡ
895 1394 1031 1482 φυλακὴ
1043 1399 1105 1464 τού

148 1499 302 1585 ποταμοῦ
318 1499 514 1584 έκΔαρείου
530 1495 763 1583 ἐπετέτραπτο,
780 1495 902 1574 ἱππέας
917 1493 1003 1584 [μὲν]
1020 1501 1107 1582 ἔχων

149 1599 226 1688 περὶ
242 1606 446 1687 τριςχιλίους
468 1599 525 1666 καὶ
542 1597 674 1667 τούτων
688 1595 853 1684 Ἕλληνας
871 1595 1106 1686 μισθοφόρους

149 1699 384 1787 δισχιλίους’
346 1725 429 1778 τεως
442 1697 557 1786 μέν’
514 1725 621 1768 αυτου
605 1699 753 1767 Ηέπὶ
707 1724 754 1788 τῳ
769 1721 907 1788 ποταμφ
891 1697 1106 1820 ἐφύλασσε,

111 1825 137 1867 ιε
149 1803 207 1870 καὶ
222 1803 277 1871 ἐπὶ
290 1803 377 1891 τῷδε
391 1826 431 1868 ου
423 1798 618 1887 ξὐνεχὴς’
597 1827 619 1888 η
632 1799 768 1887 γέφυρα
787 1790 997 1887 ἐζευγμένη
978 1825 1021 1886 ην
1036 1807 1108 1869 ἐστε
1125 1811 1141 1862 κ

151 1903 255 1971 ἐπὶ
219 1929 281 1990 την
295 1898 509 1989 άντιπέρας”
491 1911 597 1988 οχθην
610 1916 681 1979 τοῖς
696 1899 883 1989 Μακεδόσι,
900 1905 1110 1986 δειμαίνουσι

148 2031 195 2092 μη
228 2006 401 2072 ἐπίθοιντο
437 2008 473 2072 οί
505 2001 593 2090 άμφί
624 2009 779 2084 Μαζαῖον
809 2005 850 2089 τῇ
886 2001 1020 2091 γεφύρᾳ
1051 2007 1109 2071 ἵνα

151 2104 309 2174 ἐπαύετο·
338 2111 490 2188 Μαζαῖος
513 2103 551 2173 δὲ
577 2101 623 2183 ύς
647 2101 791 2189 ἤκουσεν
808 2099 871 2190 ἤδη
895 2102 1108 2189 προσάγοντα
1200 2155 1203 2161 -

147 2203 385 2294 Ἀλέξανδρον,
410 2202 512 2296 ᾤχετο
537 2204 677 2290 φεύγων
701 2203 765 2284 ξύν
788 2207 829 2291 τη
850 2207 987 2292 στρατιᾷ
1005 2203 1107 2292 πάση.

111 2332 138 2374 ιο
150 2308 207 2376 καὶ
226 2305 375 2386 εὐθύς
349 2333 394 2386 ως
409 2311 514 2428 ἔφυγε
527 2313 678 2388 Μαζαῖος
693 2304 927 2392 ἐπεβληθησαν
944 2309 984 2372 αί
997 2303 1108 2391 γέφυ-

151 2435 207 2494 ραι
222 2409 266 2496 τῇ
285 2406 373 2494 ὄχθη
397 2411 440 2494 τῇ
459 2405 567 2494 πέραν
584 2409 642 2476 καὶ
666 2405 760 2494 διέβη
781 2403 892 2474 ἐπ’
849 2406 964 2473 αυτῶυ
982 2404 1106 2484 ξύν
1064 2430 1106 2494 τη

151 2513 291 2599 στρατιᾷ
306 2508 534 2595 Ἀλέξανδρος.

217 2607 342 2679 Ἐνθεν
368 2608 406 2679 δὲ
431 2605 594 2734 ἐχρίρει”
571 2635 662 2696 ανω,
693 2610 732 2678 ἐν
755 2604 913 2696 άριστερα
939 2565 1025 2693 ἔχων
1047 2606 1143 2676 τδνυ

152 2710 339 2799 Εὐφράτην
358 2709 509 2798 ποταμὸν
526 2711 583 2778 καὶ
607 2735 666 2796 της
686 2708 862 2796 Ἀρμενίας
884 2708 925 2775 τά
949 2706 1031 2831 ὅρη,
1055 2707 1109 2778 διδι

111 2836 139 2878 ιε
151 2840 211 2898 της
228 2819 491 2899 Μεσοποταμίας
508 2810 717 2898 καλουμένης
735 2809 855 2898 χώρας.
888 2806 952 2877 οὐκ
969 2807 1110 2878 εὐθεῖαν

151 2913 190 2984 δὲ
205 2916 260 2983 ἐπὶ
270 2915 475 3001 Βαβυλῶνος
487 2903 570 2999 ἦγεν
579 2909 645 2980 άπὸ
659 2913 721 2979 τοῦ
733 2908 921 2998 Εὐφράτου
935 2907 1110 2998 ὁρμηθείς,

151 3013 202 3084 ὅτι
223 3013 286 3099 τὴν
310 3013 428 3102 έτέραν
453 3011 540 3084 ίόντι
563 3011 779 3100 εὐπορώτερα
801 3013 842 3081 τά
867 3011 1045 3098 ξύμπαντα
1061 3015 1109 3104 τῷ
1203 3044 1209 3064 ·

151 3119 281 3206 στρατῷ
294 3105 350 3203 ἦν,
367 3116 425 3184 καὶ
438 3114 528 3201 χιλός
540 3129 612 3193 τοῖς
626 3119 741 3193 ἵπποις
753 3115 811 3182 καὶ
828 3111 869 3182 τά
888 3112 1054 3197 ἐπιτήδεια
1074 3115 1111 3182 ἐκ

151 3219 210 3303 τῆς
233 3215 345 3304 χύρας
369 3215 569 3304 λαμβάνειν,
593 3218 651 3284 καὶ
673 3213 712 3282 τό
734 3218 848 3301 καῦμα
865 3212 927 3299 οὐχ
945 3212 1110 3293 όσαύτας

112 3341 139 3384 ιο
153 3317 343 3406 ἐπιφλέγον.
371 3315 509 3396 ἁλόντες
526 3315 565 3385 δέ
581 3343 668 3396 τινες
684 3314 769 3384 κατά
786 3313 848 3401 τὴν
862 3312 943 3384 ὁδόν
956 3317 1026 3383 τῶν
1041 3313 1108 3384 άπδ
1126 3326 1144 3377 4

151 3420 212 3488 τοῦ
232 3426 381 3507 Δαρείου
403 3417 651 3506 στρατεύματος
669 3417 879 3502 κατασκοπῆς
904 3417 1002 3484 ἕνεκα
1026 3415 1109 3484 άπε-

152 3518 387 3607 σκεδασμένων
402 3519 595 3606 ἐξήγγειλαν
609 3515 659 3587 ὅτι
668 3529 814 3605 Δαρεῖος
834 3518 889 3586 ἐπὶ
902 3521 963 3584 τοῦ
984 3523 1110 3604 Τίγρη-
