2664 3946
213 265 275 331 118
566 263 819 324 ΔΛΕΞΔΝΔΡΟΤ

212 411 271 497 τῆς
291 409 454 496 ἑταιρικῆς
470 409 601 496 καὶτῆς
618 407 793 496 φάλαγγος
810 410 869 494 τῆς
886 407 994 497 ταύτῃ
1012 407 1174 495 τεταγμέ-

213 538 275 598 νης
292 501 352 598 ῆγε
369 510 485 602 δρόμφ
502 537 538 579 τε
555 511 612 578 καὶ
630 508 814 600 ἀλαλαγμῷ
834 508 879 590 ὥς
898 511 953 579 ἐπὶ
972 507 1080 579 αότόν
1098 522 1173 581 Δα·

179 627 197 676 8
215 627 317 700 ρεῖαν.
349 613 406 680 καὶ
423 612 548 700 χρόνον
565 612 629 699 μέν
642 638 716 679 τινα
729 610 847 697 ὀλίγον
863 614 900 681 ἐν
912 612 1028 698 χερσὶν
1045 610 1066 700 ή
1084 612 1173 701 μάχη

215 714 362 798 ἐγένετο·
403 712 448 792 ὥς
473 711 511 782 δέ
535 717 570 781 ολ
593 739 629 781 τε
653 718 766 792 ἱππεῖς
791 718 827 781 οί
847 711 927 800 ἀμφ’
951 711 1174 801 Ἀλέξανδρον
1286 795 1288 809 Ι

214 816 272 883 καὶ
289 811 394 894 αὐτὸς
408 814 625 901 Ἀλέξανδρος
640 812 816 903 εὐρώστως
832 815 995 882 ἐνέκειντο
1010 812 1173 902 ὠθισμοῖς
1186 844 1199 886 ε

213 943 250 985 τε
266 914 432 1005 χρεόμενοι
443 917 501 984 καὶ
519 931 590 995 τοῖς
609 916 744 996 ξυστοῖς
757 915 798 983 τόι
817 915 980 1003 πρόσωπα
997 917 1067 984 τῶν
1082 926 1174 1005 Περ-

215 1019 286 1086 σῶν
308 1016 509 1105 κόπτοντες,
532 1015 554 1103 ῆ
577 1043 613 1085 τε
636 1017 769 1104 φάλαγξ
787 1015 808 1104 ή
827 1017 1043 1104 Μακεδονικὴ
1062 1018 1174 1106 πυκνή

86 1109 89 1115 ¹
214 1120 272 1188 καὶ
284 1133 361 1198 ταῖς
374 1126 549 1205 σαρίσσαις
563 1134 747 1206 πεφρικυῖα
762 1118 954 1206 ἐμβεβλήκει
966 1115 1031 1206 ήδη
1044 1117 1175 1208 αὐτοῖς,

214 1220 272 1288 καὶ
290 1219 401 1289 πάντα
415 1218 501 1307 ὁμοῦ
515 1219 556 1288 τά
571 1220 665 1288 δεινά
679 1221 736 1288 καὶ
754 1219 857 1288 πάλαι
869 1218 931 1308 ήδη
949 1222 1084 1311 φοβερῷ
1102 1217 1175 1288 ὄντι

214 1329 353 1413 Δαρείςο
364 1323 532 1409 ἐφαίνετο,
546 1324 679 1407 πρῶτος
688 1319 792 1400 αὐτὸς
803 1323 1003 1408 ἐπιστρέψας
1014 1327 1172 1408 ἔφευγεν·
1186 1352 1212 1392 ιο

216 1422 433 1512 ἐφοβήθησαν
451 1423 490 1491 δέ
507 1422 564 1490 καὶ
586 1425 624 1490 οί
642 1421 919 1509 περιϊππεύοντες
936 1423 1005 1491 τῶν
1030 1425 1174 1511 Περσῶν

215 1525 254 1592 τὸ
267 1525 367 1613 κέρας
383 1523 598 1613 ἐμβαλόντων
617 1525 651 1603 ἐς
668 1521 795 1603 αότοός
813 1521 989 1612 εόρωστως
1008 1526 1078 1592 τῶν
1096 1525 1174 1613 περὶ

211 1624 359 1714 Ἀρέτην.

182 1740 199 1790 4
298 1725 413 1815 Ταότή
438 1725 500 1814 μέν
524 1725 567 1814 δή
590 1728 659 1795 τῶν
678 1727 820 1815 Περσῶν
844 1728 938 1813 φυγή
955 1725 1099 1814 καρτερά
1117 1717 1174 1815 ῆν,

215 1828 274 1897 καὶ
298 1833 334 1896 ολ
355 1826 551 1907 Μακεδόνες
577 1827 774 1914 ἐφεπόμενοι
799 1827 964 1914 ἐφόνευον
985 1827 1068 1907 τούς
1085 1827 1172 1914 φεό-
1186 1855 1211 1896 ιε

216 1955 347 2016 γοντας.
388 1933 425 1998 οί
446 1927 484 1998 δέ
515 1927 602 2016 άμφὶ
629 1935 778 2016 Σιμμίαν
802 1929 859 1996 καὶ
889 1926 1059 2016 ῆτοάτου
1082 1929 1173 2010 τάξις

217 2028 331 2099 οόκέτι
354 2031 596 2117 συνεξορμῆσαι
615 2028 823 2121 Ἀλεξάνδρφ
847 2031 990 2099 δυνατοὶ
1018 2031 1174 2117 ἐγένοντο

219 2134 253 2210 ἐς
266 2130 327 2218 τῆν
342 2133 471 2218 δίωξιν,
485 2129 554 2199 ἀλλ’
571 2131 804 2218 ἐπιστήσαντες
817 2129 878 2218 τήν
892 2131 1051 2218 φάλαγγα
1064 2129 1171 2200 αὐτοῦ

217 2232 438 2321 ἠγωνίζοντο,
455 2230 505 2300 ὅτι
526 2231 565 2300 τό
584 2231 763 2319 εόάννμον
787 2234 857 2300 τῶν
875 2232 1086 2302 Μακεδόνων
1109 2257 1174 2300 πο-

183 2347 201 2398 ὃ
218 2343 351 2403 νεῖσθαι
363 2332 552 2421 ἠγγέλλετο.
580 2335 636 2402 καί
650 2333 757 2421 ταύτῃ
772 2341 1041 2422 παραρραγείσης
1055 2332 1173 2414 αάτοῖς
1186 2363 1212 2404 ιο

217 2440 276 2524 τῆς
289 2435 411 2517 τάξεως
425 2435 509 2504 κατά
527 2433 565 2502 τό
579 2436 690 2521 διέχον
707 2440 916 2504 διεκπαίουσι
928 2438 997 2503 τῶν
1010 2461 1046 2503 τε
1055 2434 1174 2504 Ἰνδόν

218 2564 305 2617 τινες
322 2539 380 2606 καὶ
397 2539 456 2624 τῆς
475 2539 639 2626 Περσικῆς
657 2540 764 2604 ἵππον
783 2534 830 2616 σός
849 2536 904 2604 ἐπὶ
921 2536 962 2604 τά
981 2536 1174 2624 σκευοφόρα

218 2641 288 2708 τῶν
305 2638 530 2709 Μακεδόνων·
559 2639 616 2706 καλ
633 2637 671 2705 τὸ
691 2643 792 2726 ἔργον
811 2639 880 2706 ἐκεῖ
895 2635 1060 2727 καρτερόν
1079 2641 1173 2724 έγίγ·

218 2765 304 2809 νετο.
336 2745 421 2810 οἵτε
438 2739 503 2828 γάρ
517 2740 645 2826 Πέρσαι
661 2739 814 2827 θρασέως
834 2739 996 2807 ἐνέκειντο
1014 2737 1174 2818 άνόπλοις

219 2855 291 2921 τοῖς
315 2849 451 2920 πολλοῖς
468 2842 526 2909 καὶ
544 2838 585 2908 οό
609 2840 877 2929 προσδοκήσασιν
902 2842 958 2909 ἐπὶ
976 2844 1066 2927 σφᾶς
1084 2845 1173 2908 διεκ-
1187 2867 1213 2908 25

220 2951 400 3012 σεσεῖσθαί
419 2969 512 3020 τινας
530 2941 756 3021 διακόψαντας
780 2945 901 3027 διπλῆν
918 2941 980 3028 τήν
1004 2942 1175 3028 φάλαγγα,

219 3045 276 3112 καὶ
295 3048 331 3112 οί
345 3043 548 3130 αἰχμάλωτοι
564 3041 729 3130 βάρβαροι
747 3042 983 3130 ἐμβαλλόντων
999 3045 1068 3111 τῶν
1083 3053 1174 3133 Περ·

221 3149 291 3212 σῶν
313 3145 537 3224 ξυνεπέθεντο
560 3145 613 3211 καὶ
638 3143 737 3212 αὐτοὶ
759 3157 831 3222 τοῖς
848 3142 1043 3212 Μακεδόσιν
1067 3147 1104 3213 ἐν
1126 3147 1174 3235 τῷ

186 3259 203 3309 ῖ
223 3251 319 3336 ἐργφ.
347 3249 416 3314 τῶν
434 3245 472 3314 δὲ
497 3246 762 3333 ἐπιτεταγμένων
778 3246 820 3332 τῆ
840 3245 957 3334 πρότῆ
976 3245 1125 3332 φάλαγγι
1143 3248 1179 3314 oc

220 3345 378 3435 ἡγεμόνες
403 3346 522 3435 ὀξέως,
546 3346 713 3434 μαθόντες
730 3345 768 3413 τό
786 3347 1003 3434 γιγνόμενον,
1027 3356 1175 3435 μεταβα·
1188 3374 1214 3416 ιο

219 3447 349 3538 λόντες,
365 3438 452 3539 ήπερ
471 3449 680 3540 παρήγγελτο
698 3445 836 3536 αὐτοῖς,
853 3445 914 3535 τῆν
930 3447 1024 3530 τάξιν
1043 3451 1175 3535 ἐπιγίγ-

218 3577 335 3620 νονται
352 3551 435 3621 κατά
452 3553 564 3622 νότου
583 3565 654 3630 τοῖς
679 3552 844 3639 Πέρσαις,
867 3551 924 3619 καὶ
948 3551 1095 3630 πολλοός
1112 3550 1175 3638 μὲν
