2590 3948
253 240 315 308 326
603 234 853 297 ιιιυΞιοιεου

254 399 502 487 ῶπλισμένους,
536 397 616 477 τούς
643 397 681 467 δέ
708 399 842 486 Πέρσας
868 396 949 480 τοδς
977 398 1042 486 μὲν
1069 399 1226 487 τοξότας,

253 503 332 580 τοὺς
359 500 397 570 δέ
422 501 480 568 καὶ
505 499 697 587 μεσάγκυλα
724 505 871 586 ἔχοντας.

220 618 235 666 σ
325 601 381 672 Ἐν
406 601 515 691 τούτῳ
542 601 580 671 δέ
605 600 763 680 πολλάκις
789 599 851 687 μὲν
869 603 929 670 τοῦ
952 605 1120 670 ναυτικοῦ
1143 601 1226 670 άυε-

254 709 402 795 πειρᾶτο,
428 704 549 771 πολλαὶ
576 701 614 770 δέ
640 705 745 789 ἔριδες
772 698 865 793 αὐτῷ
892 705 961 770 τῶν
986 705 1140 790 τριηρῶν
1168 705 1226 771 καὶ

253 803 327 875 ὅσαι
359 804 528 894 τετρήρεις
561 802 644 872 κατὰ
669 801 730 871 τδν
757 802 908 890 ποταμὸν
935 807 1128 890 ἐγίγνοντο,
1169 806 1251 874 καὶι

253 905 381 992 άγῶυες
413 909 481 974 τῶν
516 930 552 973 τε
580 906 702 989 ἐρετῶν
737 904 886 972 καὶτῶν
913 911 1140 992 κυβερνητῶν
1169 907 1224 973 καὶ

254 1009 413 1095 στέφανοι
438 1009 508 1074 τῶν
533 1005 718 1074 νικώντων.

220 1113 236 1162 6
322 1101 427 1178 Ἦιιου
445 1106 482 1176 δέ
499 1107 557 1174 καὶ
574 1105 847 1194 παράἎμμωνος
864 1110 901 1174 ολ
915 1107 1040 1193 θεωροὶ
1058 1105 1223 1188 οὕστινας

255 1207 404 1279 ἐστάλκει
420 1208 642 1297 ἐρησομένους
655 1203 746 1287 ὅπως
758 1209 855 1294 θέμις
870 1205 962 1300 αὐτῷ
979 1213 1083 1295 τιμάν
1099 1208 1223 1296 Ἡφαι-

254 1319 393 1380 στίωνα·
433 1315 469 1378 οἱ
492 1309 531 1378 δέ
557 1306 603 1388 ῶς
629 1306 715 1396 ἥρωϊ
741 1315 870 1396 ἔφησαν
897 1309 947 1376 ὅτι
963 1309 1064 1392 θάειυ
1085 1313 1190 1398 θέμις
1207 1309 1259 1400 ὁο

242 1411 383 1500 ’Ἀμμων
410 1412 507 1497 λέγει.
553 1408 571 1478 ὁ
600 1409 638 1478 δέ
666 1411 778 1500 ἔχαιρέ
800 1436 836 1478 τε
861 1416 905 1498 τῇ
931 1419 1075 1500 μαντεία
1105 1415 1170 1480 καὶ
1188 1412 1221 1480 τό

253 1511 319 1582 άπὸ
338 1515 438 1582 τοῦδε
462 1510 507 1592 ῶς
525 1509 617 1598 ἥρωα
636 1512 792 1600 ἐγέραιρε.
820 1512 877 1578 καὶ
895 1512 1090 1599 Κλεομένει,
1120 1513 1222 1600 ἀνδρὶ

253 1618 345 1706 κακῷ
363 1614 420 1682 καὶ
438 1613 546 1682 πολλὰ
564 1612 751 1700 ἀδικήματα
769 1611 962 1698 ἀδικήσαντι
981 1614 1018 1680 ἐν
1037 1615 1222 1706 Αἰγύπτῳ,

255 1716 435 1786 ἐπιστέλλει
452 1713 643 1799 ἐπιστολήν·
669 1714 725 1782 καὶ
742 1713 869 1800 ταύτην
887 1716 944 1799 τῆς
962 1712 1026 1800 μὲν
1046 1718 1082 1795 ἐς
1097 1714 1218 1804 ,Ἡφαι-

254 1826 379 1887 στίωνα
404 1816 461 1884 καὶ
494 1813 711 1884 ἀποθανόντα
738 1823 851 1900 φιλίας
879 1817 976 1884 ἕνεκα
1001 1817 1060 1884 καὶ
1089 1818 1221 1906 μνήμης
1231 1849 1244 1886 ι

254 1915 295 1986 ου’
322 1917 493 2005 μέμφομαι
515 1922 635 2002 ἔγωγε·
667 1914 780 1984 ἄλλων
804 1915 843 1984 δὲ
860 1919 996 1984 πολλῶν
1015 1919 1120 1986 ἕνεκα
1140 1923 1221 2006 μέμ-

221 2033 368 2105 τφομαι.
397 2019 578 2086 ’ἐκέλευε
603 2014 707 2104 γάρὴ
727 2015 882 2102 ἐπιστολὴ
901 2027 1221 2106 κατασκευασθῆναι
1258 2037 1259 2098 3

250 2118 467 2207 Ἡφαιστίωνι
482 2117 595 2209 ἡρῶον
613 2121 650 2186 ἐν
659 2116 890 2208 Ἀλεξανδρείᾳ
908 2123 952 2206 τῇ
971 2126 1173 2212 Αἰγυπτίᾳ,
1191 2128 1222 2190 ἔν
1258 2127 1259 2204 λ

253 2247 289 2290 τε
313 2223 355 2309 τῇ
383 2218 477 2288 πόλει
504 2217 590 2306 αὐτῇ
609 2219 666 2287 καὶ
692 2221 730 2286 ἐν
746 2221 788 2306 τῇ
807 2219 898 2310 νήσω
916 2222 961 2308 τῇ
979 2219 1100 2312 Φάρῳ,
1130 2220 1220 2291 ἵναδ
1258 2211 1259 2274 Ῑ

254 2322 384 2412 πύργος
412 2322 504 2390 ἐστὶν
530 2320 548 2390 ὁ
576 2323 614 2390 ἐν
639 2321 681 2408 τῇ
708 2319 813 2411 νήσῳ,
839 2322 972 2408 μεγέθει
996 2347 1033 2388 τε
1058 2321 1259 2410 μέγιστονολ

254 2426 311 2492 καὶ
338 2431 535 2514 πολυτελείᾳ
563 2421 846 2509 ἐκπρεπέστατον·
886 2413 944 2490 καὶ
963 2419 1055 2502 ὅπως
1078 2427 1222 2512 ἐπικρα-

253 2526 337 2613 τήση
364 2533 540 2594 καλεῖσθαι
570 2522 635 2590 άπὸ
659 2521 918 2609 Ἡφαιστίωνος,
945 2525 1002 2592 καὶ
1029 2539 1108 2604 τοῖς
1137 2549 1223 2615 συμ-
1258 2513 1259 2540 ³

254 2633 401 2713 βολαίοις
415 2622 496 2694 καθ’
516 2622 578 2694 ὅσα
596 2629 631 2692 ολ
643 2629 781 2712 ἔμποροι
799 2622 953 2709 ἀλλήλοις
966 2625 1224 2712 ξυμβάλλουσιν
1258 2645 1259 2704 ζ

220 2738 237 2788 8
257 2727 486 2816 ἐγγράφεσθαι
503 2724 539 2792 ιδ
559 2721 665 2810 ὄνομα
675 2718 928 2810 Ἡφαιστίωνος.
955 2731 1063 2793 ταῦτα
1078 2728 1149 2814 μὲν
1165 2722 1224 2798 οὖν
1258 2721 1259 2796 J

255 2826 318 2896 οὐκ
351 2833 414 2912 ἔχω
440 2824 645 2914 μέμψασθαι,
673 2825 761 2911 πλήν
787 2852 826 2911 γε
852 2826 894 2910 δὴ
921 2824 971 2894 ὅτι
996 2823 1063 2894 οὐκ
1084 2831 1146 2897 ε’πὶ
1166 2853 1259 2918 με-ιι,

220 2943 224 2956 ²
255 2927 366 3014 γάλοις
391 2927 542 3015 μεγάλως
561 2927 823 3008 διεσπουδάζετο.
865 2929 976 2996 ἐκεῖνα
994 2927 1032 2996 δέ
1050 2931 1113 2998 καὶ
1131 2933 1225 2999 πάνυ
1258 3001 1259 3004 ,

254 3029 433 3118 μέμφομαι.
476 3025 520 3114 ἢν
537 3026 602 3114 γάρ
619 3027 798 3115 καταλάβω
817 3027 895 3114 ε’γῶ,
924 3034 1015 3112 ἔλεγε
1040 3028 1084 3096 τά
1112 3033 1225 3120 γράμ-
1258 3095 1259 3100 ,

253 3157 359 3218 ματα,
385 3127 426 3197 τά
455 3128 525 3216 ἱερά
551 3129 591 3195 τά
620 3131 657 3198 ἐν
684 3129 849 3220 Αἰγύπτῳ
876 3135 987 3208 καλῶς
1013 3152 1225 3203 κατεσκευα-

255 3232 362 3320 σμένα
375 3231 431 3298 καὶ
445 3227 486 3296 τά
500 3227 593 3318 ἡρῷα
603 3229 642 3297 τδι
650 3227 903 3318 Ἡφαιστίωνος,
919 3241 953 3300 εἴ
962 3257 998 3299 τε
1009 3258 1041 3298 τι
1055 3232 1224 3322 πρότερον

254 3330 458 3420 ἡμάρτηκας,
483 3324 602 3415 άφησω
627 3349 665 3398 σε
682 3330 827 3419 τούτων,
844 3332 900 3398 καὶ
917 3331 955 3398 τὸ
973 3332 1108 3422 λοιπόν,
1136 3335 1252 3422 ὁπη-ιι

257 3439 352 3500 λέκου
370 3429 413 3498 άυ
431 3427 590 3516 άμάρτης,
609 3429 711 3498 οὐδὲν
724 3437 822 3518 πείση
843 3433 875 3512 ἐξ
892 3434 973 3519 ἐμοῦ
987 3431 1096 3521 ἄχαρι.
1124 3443 1226 3505 τοῦτο

258 3525 358 3616 άνδρὶ
372 3529 506 3619 α”ρχοντι
519 3533 644 3614 πολλῆς
658 3529 720 3616 μὲν
733 3531 857 3618 χώρας,
876 3539 1011 3602 πολλῶν
1026 3534 1064 3604 δὲ
1078 3534 1226 3628 άυθρῶ-
