2650 3948
468 252 651 304 εαεεαειε
671 256 699 316 1,
716 255 757 305 τε.
1062 251 1105 318 49

140 397 211 462 ἐστι
242 391 280 460 δὲ
306 391 413 482 ταύτη
442 389 464 480 ῆ
491 389 569 473 ὁδός
593 389 656 461 ούιι
679 391 790 473 άλλως
813 391 863 462 ότι
884 391 929 482 μῆ
951 398 1020 463 τοῖν
1043 389 1099 462 ἄπ’

140 491 267 581 ἄρκτου
297 491 433 582 άνέμωυ
462 493 649 563 πνεόντων“
692 500 724 562 εἰ
749 493 786 563 δὲ
809 493 902 564 νότοι
924 496 1103 584 κατέχοιεν,

141 592 278 684 άπόρως
302 601 367 683 ἔχει
391 593 446 663 διά
462 597 522 664 τοῦ
546 600 699 680 αἰγιαλοῦ
724 593 927 685 ὁδοιπορεῖν.
967 597 1041 666 τότε
1066 594 1101 665 δ’
1122 609 1137 658 2

142 699 179 764 ἐκ
203 695 313 765 νότων
330 701 486 782 σκληρῶν
502 698 616 784 βορέαι
634 696 910 785 ἐπιπνεύσαντες,
937 694 1003 766 ούιι
1020 696 1103 768 ἄνευ

110 826 127 867 ι
140 802 203 865 τού
215 803 327 884 θείου,
347 795 392 878 οἱς
405 793 507 878 αὐτός
519 798 624 866 τεκαὶ
637 801 673 866 οἵ
683 792 770 886 ἀμφ’
789 792 894 866 αὐτόν
913 801 1103 887 ἐξηγοῦντο,

140 893 272 987 εὐμαρῆ
290 899 346 967 καί
362 911 500 986 ταχείαν
515 897 579 986 τῆν
591 897 742 986 πάροδον
754 901 932 988 παρέσχον.
960 902 997 968 έκ
1010 901 1101 986 Πέρ-

140 1027 203 1086 γης
230 999 269 1068 δέ
292 997 337 1080 ὡς
360 998 495 1090 προῄει,
529 997 794 1086 ἐντυγχάνουσιν
818 997 913 1094 αύτῷ
934 999 1017 1071 κατά
1039 1000 1104 1089 τῆν

141 1098 226 1170 ὁδόν
254 1102 408 1190 πρέσβεις
433 1097 641 1170 Ἀσπενδίων
666 1097 926 1191 αὐτοκράτορες,
956 1102 1019 1190 τῆν
1040 1102 1104 1192 μέν

141 1201 243 1271 πόλιν
259 1198 465 1288 ἐνδιδόντες,
484 1201 640 1291 φρουράν
657 1201 695 1271 δέ
712 1199 757 1289 μῆ
776 1202 923 1288 εἰσάγειν
939 1201 1101 1292 δεόμενοι.

101 1303 200 1373 ιοκαί
223 1305 301 1392 περὶ
323 1303 386 1392 μέν
408 1309 466 1390 τῆς
489 1310 641 1394 φρουράς
667 1302 849 1391 πράξαντες
866 1302 1022 1391 ἀπῆλθον
1039 1303 1137 1375 όσαε

140 1399 277 1493 ῆξίουν·
303 1404 509 1492 πεντήκοντα
533 1404 572 1474 δέ
593 1405 739 1474 τάλαντα
763 1403 891 1474 κελεύει
907 1408 951 1495 τῆ
967 1411 1103 1497 στρατιᾷ

142 1509 264 1576 δοῦναι
281 1503 396 1587 αύτοίς
413 1503 448 1586 ἐς
465 1505 590 1594 μισθόν
603 1507 659 1574 καὶ
671 1504 750 1586 τούς
764 1510 887 1586 ἵππους
900 1501 961 1587 οὓς
974 1506 1103 1595 δασμόν

142 1614 274 1695 βασιλεῖ
295 1613 445 1697 ἔτρεφον.
487 1612 523 1676 οἰ
544 1607 582 1676 δέ
598 1605 686 1697 ύπέρ
710 1612 831 1676 τετοῦ
854 1604 1021 1696 ἀργυρίου
1045 1608 1101 1677 καί

142 1706 221 1789 τούς
239 1713 363 1789 ἵππους
380 1707 594 1798 παραδείσων
612 1708 811 1796 ξυνθέμενοι
828 1703 993 1796 α’πῆλθον.

104 1837 132 1880 ιε
216 1806 432 1898 Ἀλέξανδρος
450 1809 488 1878 δέ
501 1804 559 1879 ἐπί
574 1814 680 1897 Σίδης
697 1807 758 1898 ῆει.
787 1811 851 1878 εἰσί
866 1810 904 1879 δὲ
917 1815 952 1879 οἰ
963 1813 1102 1898 Σιδῆται
1117 1822 1135 1874 4

143 1919 293 1999 Κυμαῖοι
307 1909 346 1981 ἐκ
359 1910 479 1998 Κύμης
492 1915 550 1998 τῆς
564 1916 738 1990 Αἰολίδος·
765 1911 822 1979 καὶ
835 1903 928 1980 οὖτοι
945 1912 1102 2000 λέγουσιν

142 2010 229 2103 ύπέρ
253 2018 351 2100 σφῶν
374 2012 473 2081 τόνδε
496 2010 557 2080 τόν
575 2011 693 2100 λόγον,
717 2010 767 2080 ὅτι
785 2009 829 2094 οἵς
846 2013 997 2102 κατῆράν
1012 2040 1049 2083 τε
1067 2011 1102 2094 ἐς

142 2113 205 2201 τῆν
221 2120 287 2202 γῆν
304 2112 437 2201 ἐκείνην
454 2117 489 2182 οί
503 2118 627 2203 πρύτοι
644 2110 682 2183 ἐκ
699 2112 819 2201 Κύμης
846 2115 1020 2195 σταλέντες
1044 2115 1103 2184 καὶ

143 2211 200 2285 ἐπὶ
237 2221 376 2306 οἰκισμῷ
408 2212 586 2302 ἐξέβησαν,
628 2212 749 2284 αύτίκα
777 2213 840 2301 τῆν
871 2214 934 2303 μὲν
961 2213 1103 2285 Ἐλλάδα

105 2323 301 2402 ωγλοῖσσαν
330 2314 546 2404 ἐξελάθοντο,
579 2311 688 2396 εύθύς
721 2313 760 2384 δέ
788 2315 960 2404 βάρβαρον
982 2316 1103 2403 φωνῆν

142 2423 256 2505 ἵεσαν,
283 2418 340 2487 καί
363 2412 446 2487 ούδέ
468 2421 538 2485 τῶν
560 2415 766 2506 προσχώρων
788 2416 985 2505 βαρβάρων,
1015 2413 1101 2485 άλλά

143 2525 236 2589 ἰδίαν
260 2522 359 2606 σφων
383 2517 479 2587 ούπω
497 2517 649 2605 πρόσθεν
673 2509 782 2585 οὖσαν
797 2513 859 2602 τῆν
876 2515 1010 2605 φωνῆν·
1045 2519 1103 2588 nal

143 2622 180 2689 ἐκ
203 2615 343 2690 τότε·ού
367 2618 451 2688 κατά
473 2617 552 2699 τούς
576 2617 701 2697 ἄλλους
725 2617 941 2707 προσχώρους
961 2622 1103 2706 Σιδῆται

142 2721 365 2818 ἐβαρβάριζον.
392 2717 582 2791 καταλιπόν
600 2718 638 2788 δέ
654 2717 810 2809 φρουράν
827 2721 865 2788 έν
876 2724 967 2809 Σίδη
985 2719 1102 2810 προῄει
1119 2730 1139 2784 5

104 2850 130 2892 τε
143 2824 199 2892 ἐπὶ
227 2820 396 2910 Σύλλιον,
433 2827 557 2911 χωρίον
587 2817 712 2908 όχυρδν
741 2820 798 2889 ιιαί
831 2819 986 2910 φρουράν
1025 2827 1102 2909 ἔχον

142 2925 248 3006 ξένων
261 2921 478 3012 μισθοφόρων
490 2923 547 2992 καὶ
561 2919 675 2991 αύτῶν
687 2925 756 2990 τῶν
771 2924 958 3011 ἐπιχωρίων
971 2923 1102 3011 βαρβά·

142 3053 221 3113 ρων.
256 3023 327 3093 ἀλλ’
346 3023 424 3094 οὔτε
439 3021 478 3093 τό
498 3022 646 3092 Σύλλιον
670 3024 703 3105 ἐξ
728 3021 853 3110 έφόδου
881 3020 1102 3111 αὐτοσχεδίου

140 3124 296 3215 ῆδυνῆθη
319 3132 452 3213 λαβεῖν,
487 3126 562 3194 ε’πεί
581 3151 617 3192 τε
639 3121 788 3211 ἠγγέλθη
812 3121 904 3216 αύτῷ
933 3122 1017 3194 κατά
1040 3125 1102 3213 τῆν

143 3221 225 3297 ὄδὸν
258 3225 337 3308 τούς
358 3224 577 3304 Ἀσπενδίους
601 3224 652 3293 ὅτι
670 3223 773 3293 οὐδέν
789 3227 858 3294 τῶν
874 3227 1102 3314 ξυγκειμένων

106 3355 130 3397 ιο
143 3330 262 3419 πρᾶξαι
280 3328 445 3410 ἐθέλοιεν,
468 3324 548 3395 οὔτε
565 3323 645 3405 τούς
663 3329 787 3407 ἵππους
804 3332 1015 3414 παραδοῦναι
1031 3341 1101 3408 τοίς
1230 3406 1232 3412 s

142 3439 344 3519 πεμφθεῖσιν
361 3423 439 3498 οὔτε
457 3427 691 3516 ἀπαριθμῆσαι
706 3424 747 3495 τά
760 3427 922 3517 χρήματα,
939 3428 996 3496 καί
1009 3427 1049 3496 τά
1063 3431 1101 3496 έκ

142 3533 198 3619 τῆς
220 3529 329 3620 χεόρας
347 3528 397 3600 ὅτι
414 3523 723 3615 άνασιιευασάμενοι
740 3530 774 3609 ές
790 3527 853 3616 τῆν
870 3528 969 3598 πόλιν
986 3526 1045 3610 τάς
1063 3552 1100 3598 τε

189 3651 318 3692 mum
927 3642 946 3691 4
