2678 3950
462 257 645 309 εαεεεειυ
663 261 693 320 ε,
712 259 754 310 ιο.
772 261 813 312 ιο.
1054 255 1114 321 227

157 434 238 502 ρασε
267 413 328 484 τόν
351 412 517 502 Ὑδάσπην
549 412 700 502 ποταμόν
732 414 843 495 πόλεις
872 421 998 485 ἔκτισεν
1021 411 1116 484 Ἀλέ-

156 518 309 604 ξανδρος.
348 516 405 584 καὶ
429 515 492 602 τήν
518 514 580 602 μὲν
599 525 746 586 Νίκαιαν
772 521 831 604 τῆς
848 524 945 605 νίκης
962 521 1022 603 τῆς
1040 514 1114 585 κατ’

152 615 271 686 Ἰνδόν
290 617 470 705 ἐπώνυμον
496 615 665 704 ω’νόμασε·
700 617 762 702 τήν
788 617 827 685 δὲ
853 620 1055 704 Βουκέφαλα
1083 621 1116 698 ές

156 724 218 786 τοῦ
246 723 352 787 ἵππου
379 723 441 788 τοῦ
467 715 671 806 Βουκεφάλα
697 716 758 805 τήν
785 718 941 807 μνήμην,
967 715 1005 798 δς
1032 717 1116 787 ἀπέ-

8 901 11 908 ,
131 829 263 888 δθανεν
289 817 409 906 αὐτοῦ,
437 818 477 887 οὕ
505 821 644 907 βληθεὶς
662 818 746 907 πρὸς
765 818 918 905 οὐδενός,
946 816 1024 887 ἀλλ’
1044 818 1115 888 δπδ

156 919 307 1008 καμάτου
324 947 360 990 τε
377 922 434 989 καὶ
451 917 591 1007 ἡλικίας.
630 911 673 1007 ήν
691 920 756 1009 γάρ
775 919 863 1008 ἀμφὶ
881 920 922 988 τά
940 920 1116 1010 τριάκοντα
1135 934 1151 983 5

159 1028 225 1110 ἔτη,
251 1021 442 1110 καματηρὸς
459 1021 653 1109 γενόμενος,
680 1020 788 1090 πολλά
807 1021 846 1090 δὲ
863 1021 1016 1111 πρόσθεν
1033 1023 1118 1108 ξυγ-

156 1121 273 1211 καμόυ
305 1150 341 1192 τε
373 1125 431 1192 καὶ
458 1121 750 1209 συγκινδυνεύσας
773 1120 998 1215 Ἀλεξάνδρῳ,
1031 1120 1118 1193 ἀνα-

156 1223 357 1312 βαινόμενός
389 1250 424 1294 τε
450 1223 534 1312 πρὸς
560 1223 669 1312 μόνου
694 1219 913 1312 Ἀλεξάνδρου
942 1223 960 1292 ὁ
987 1233 1117 1294 Βουκε-

118 1327 269 1412 ιοφάλας
303 1316 420 1410 οὗτος,
460 1323 510 1393 ότι
541 1324 621 1405 τούς
652 1323 777 1405 ἀλλους
809 1325 937 1405 πάντας
973 1323 1116 1414 ἀπηξίου

157 1425 320 1514 ἀμβάτας,
343 1429 400 1494 καλ
418 1428 552 1514 μεγέθει
568 1428 672 1514 μέγας
690 1427 811 1518 καὶτῷ
828 1431 930 1518 θυμῷ
949 1443 1116 1512 γενναῖος.

158 1541 295 1614 σημεῖον
322 1528 363 1596 δέ
386 1533 422 1596 ολ
444 1519 487 1614 ήν
504 1525 583 1616 βοός
601 1527 730 1616 κεφαλή
750 1527 1031 1615 ἐγκεχαραγμένη,
1059 1525 1115 1614 ἐφ’

159 1627 240 1698 ὅτου
272 1627 328 1695 καὶ
354 1627 392 1696 τό
420 1626 527 1716 όνομα
553 1633 653 1697 τοῦτο
671 1629 827 1715 λέγουσιν
846 1626 896 1696 ὅτι
914 1634 1049 1717 ἔφερεν·
1085 1633 1122 1698 οἵ

158 1729 196 1798 δὲ
222 1730 379 1815 λέγουσιν
406 1727 456 1798 ότι
481 1727 604 1798 λευκόν
630 1731 718 1817 σήμα
745 1727 834 1816 εἶχεν
862 1731 917 1798 ἐπὶ
934 1733 993 1817 τῆς
1010 1756 1116 1816 κεφα-

119 1834 235 1918 ιελής,
268 1830 369 1917 μέλας
396 1826 444 1898 ἀν
476 1828 596 1918 αὐτός,
631 1834 664 1911 ές
695 1828 775 1917 βοός
800 1831 950 1918 κεφαλήν
976 1829 1119 1919 μάλιστα

158 1933 366 2019 εἰκασμένον.
419 1921 516 2012 οὗτος
549 1929 568 2000 ό
601 1935 703 2012 ἵππος
729 1934 766 2000 έν
791 1937 834 2020 τή
862 1929 999 2013 Οὐξίων
1024 1932 1152 2022 χάρμῖ

157 2031 291 2120 ἀφανὴς
315 2034 445 2120 ἐγένετο
466 2030 686 2125 Ἀλεξάνδρῳ,
712 2034 769 2102 καὶ
790 2030 1007 2123 Ἀλέξανδρος
1033 2058 1117 2122 προ·

159 2135 320 2223 εκήρυξεν
334 2133 399 2202 ἀνά
413 2134 475 2222 τήν
484 2134 599 2223 χάραν
609 2135 736 2215 πάντας
746 2133 944 2204 ἀποκτενεῖν
958 2130 1118 2218 Οὐξίους,

159 2242 191 2306 εί
220 2236 265 2324 μή
298 2235 484 2318 ἀπάξουσιν
517 2235 611 2328 αὐτῷ
644 2234 704 2304 τόν
731 2240 853 2305 ἵππον·
898 2237 955 2304 καὶ
981 2234 1116 2322 ἀπήχθη

120 2360 145 2400 2⁰
158 2337 268 2417 εόθδς
296 2340 350 2406 ἐπὶ
375 2343 423 2428 τῷ
441 2338 638 2426 κηρύγματι.
663 2335 782 2422 τοσήδε
798 2335 860 2424 μὲν
878 2335 1007 2421 σπουδή
1024 2333 1117 2404 Ἀλε-

159 2439 293 2531 ξάνδρφ
326 2437 412 2526 ἀμφ’
448 2437 554 2506 αὐτόν
587 2429 641 2526 ήν,
667 2437 809 2506 τοσόσδε
835 2435 872 2506 δδ
894 2434 1118 2525 Ἀλεξάνδρου

159 2539 265 2628 φόβος
291 2555 362 2618 τοῖς
379 2539 571 2629 βαρβάροις.
620 2540 677 2606 καὶ
705 2539 778 2624 ἐμοὶ
805 2539 838 2616 ἐς
864 2536 1006 2606 τοσόνδε
1031 2563 1118 2605 τετι-

158 2642 278 2730 μήσθω
305 2637 323 2708 ό
350 2640 573 2726 Βουκεφάλας
599 2629 696 2717 οὗτος
720 2636 942 2727 Ἀλεξάνδρου
972 2640 1079 2708 ἕνεκα.

231 2739 440 2832 Ἀλεξάνδρῳ
472 2739 510 2808 δέ
543 2738 656 2826 ἐπειδὴ
687 2744 724 2808 ολ
753 2738 983 2820 ἀποθανόντες
1011 2742 1048 2810 ἐν
1074 2738 1170 2829 τήῖΟ

121 2841 250 2931 τεμάχη
277 2842 482 2930 κεκόσμηντο
508 2842 555 2932 τῷ
583 2840 743 2930 πρέποντι
769 2841 895 2932 κόσμῳ,
928 2840 947 2908 ό
983 2840 1020 2910 δδ
1046 2855 1118 2921 τοῖς

158 2953 252 3022 θεοῖς
292 2941 332 3012 τά
373 2942 569 3030 νομιζόμενα
608 2945 750 3012 ἐπινίκια
787 2948 887 3029 ἔθυε,
925 2943 983 3010 καὶ
1021 2936 1117 3028 ἀγάν

160 3046 300 3112 ἐποιεῖτο
327 3041 420 3134 αὐτῷ
446 3042 609 3130 γυμνικός
634 3070 671 3112 τε
695 3045 752 3112 καὶ
781 3040 915 3120 ἱππικός
933 3041 1040 3112 αὐτοῦ
1061 3045 1117 3112 ἐπὶ

159 3147 200 3233 τή
235 3143 321 3234 ὄχθη
353 3147 415 3213 τοῦ
439 3143 607 3214 Ὑδάσπου
642 3149 763 3234 ἵναπερ
796 3144 834 3213 τδ
863 3147 995 3233 πρῶτον
1022 3145 1118 3233 διέβη

160 3245 228 3335 ἅμα
254 3251 301 3338 τῷ
330 3248 469 3336 στρατῷ.
499 3245 672 3334 Κράτερον
699 3245 761 3332 μὲν
787 3246 829 3333 δὴ
856 3243 918 3326 ξύν
943 3245 1034 3334 μέρει
1059 3248 1151 3332 τῆςλ

121 3353 316 3436 ιοστρατιάς
348 3345 565 3435 ὑπελείπετο,
599 3345 659 3425 τάς
692 3345 803 3426 πόλεις
836 3345 975 3426 ἅστινας
1007 3345 1116 3434 ταότη

161 3455 280 3532 ἔκτιζεν
306 3446 539 3534 ἀναστήσοντά
565 3447 673 3516 τεκαὶ
693 3449 931 3533 ἐκτειχιοῦντα·
959 3444 1061 3524 αότδς
1079 3446 1117 3516 δὲ

158 3548 304 3640 ήλαυνεν
331 3547 377 3628 οἱς
406 3549 460 3620 ἐπλ
486 3546 567 3628 τούς
586 3547 804 3639 προσχάρους
822 3551 863 3638 τῇ
883 3546 1010 3636 Πάρου
1028 3545 1115 3637 ἀρχῇ

864 3657 913 3711 15⁸
