2650 3948
482 255 666 308 ΛΝΑΒΑΣΙΣ
684 261 708 320 ι,
728 259 769 309 ιτ.
1071 255 1115 322 29

154 401 301 484 Περσῶν
312 396 505 486 τεταγμένοι
517 389 619 484 ἦσαν·
633 397 690 466 καὶ
703 398 780 486 περὶ
794 393 898 466 αύτόν
911 397 1114 486 ξυνειστήκει

154 497 243 586 μάχη
266 498 428 588 καρτερά·
458 499 514 566 καὶ
542 499 703 591 ἐντούτῳ
722 497 821 568 άλλαι
839 496 892 568 ἐπ’
912 498 1027 580 ἄλλαις
1044 506 1113 569 τῶν
1129 514 1146 564 4

154 599 279 681 τάξεων
308 615 378 680 τοῖς
404 599 577 670 Μακεδόσι
604 601 773 688 διέβαινον
796 597 838 670 ού
863 607 1015 688 χαλεπῶς
1036 599 1113 690 ἤδη.

154 701 212 769 καὶ
237 693 280 788 ἦν
304 700 366 789 μέν
389 696 455 770 άπό
479 707 549 770 τῶν
566 706 680 770 ἵππων
697 700 719 790 ἡ
737 701 842 790 μάχη,
868 709 1048 793 πεζομαχίᾳ
1076 702 1115 772 δέ

130 800 287 890 ιμάλλόν
309 829 341 870 τι
364 802 467 895 έιβκει.
502 803 716 891 ξυνεχόμενοι
741 802 806 892 γάρ
831 806 924 872 ἵπποι
948 831 984 872 τε
1000 809 1114 885 ἵπποις

155 905 213 972 καὶ
231 902 353 992 ἄνδρες
375 901 540 992 ἀνδράσιν
557 901 775 992 ἠγωνίζοντο,
799 909 834 974 οί
848 904 911 994 μὲν
928 907 1048 987 ε’ξῶσαι
1065 911 1114 986 είς

155 1004 248 1074 ἅπαν
260 1001 326 1074 άπό
342 1010 401 1092 τῆς
418 1005 522 1094 ὄχθης
535 1007 591 1074 καὶ
610 1009 643 1086 ἐς
659 1005 696 1074 τό
709 1011 828 1074 πεδίον
841 1005 1022 1093 βιάσασθαι
1034 1005 1114 1087 τούς

159 1108 312 1196 Πέρσας,
334 1111 370 1176 οί
388 1106 601 1194 Μακεδόνες,
628 1112 664 1176 οί
679 1107 717 1176 δὲ
734 1105 843 1196 εἶρξαί
863 1135 899 1176 τε
921 1105 1036 1178 αὐτῶν
1052 1107 1148 1196 τὴνσ

157 1214 307 1296 ἔκβασιν,
325 1212 361 1276 οί
375 1210 514 1298 Πέρσαι,
531 1208 587 1275 καὶ
605 1211 638 1289 ές
655 1208 713 1278 τόν
730 1207 881 1296 ποταμόν
898 1202 1001 1290 αύθις
1019 1207 1116 1278 άπά-

120 1319 292 1381 ιοσασθαι.
325 1309 383 1377 καὶ
413 1313 450 1378 έκ
479 1309 601 1378 τούτου
633 1309 872 1379 ἐπλεονέκτουν
894 1308 960 1398 ἤδη
990 1315 1027 1380 οί
1049 1307 1116 1380 σύν

152 1407 361 1503 Ἀλεξάνδρῳ
384 1415 427 1501 τῇ
451 1439 486 1480 τε
511 1409 597 1500 άλλη
621 1410 717 1501 ῥύμη
739 1411 797 1480 καί
823 1413 975 1503 ἐμπειρίᾳ
991 1412 1049 1481 καὶ
1065 1411 1116 1481 ὅτι

155 1517 289 1596 ξυστοῖς
305 1519 493 1601 κρανεΐνοις
511 1510 595 1600 πρός
613 1509 722 1582 παλτά
743 1511 912 1602 ἐμάχοντο.

224 1613 332 1685 Ἔνθα
346 1612 388 1701 δη
405 1615 462 1682 καὶ
476 1611 684 1708 Ἀλεξάνδρῳ
698 1616 905 1702 ξυντρίβεται
917 1613 954 1684 τό
973 1612 1058 1703 δόρυ
1078 1617 1115 1682 έν
1131 1626 1147 1675 θ

155 1721 198 1806 τῇ
220 1715 325 1806 μάχη·
349 1709 368 1783 ό
393 1715 431 1784 δέ
446 1714 576 1803 ’Ἁρετιν
594 1714 665 1806 ᾔτει
688 1711 773 1806 δόρυ
791 1719 923 1804 ἕτερον,
949 1713 1116 1802 ἀναβολέα

119 1845 144 1888 ιτ
157 1821 226 1885 τῶν
242 1821 439 1901 βασιλικῶν·
465 1819 514 1908 τῷ
538 1815 576 1884 δέ
593 1817 650 1884 καὶ
668 1813 759 1909 αύτῷ
778 1817 976 1910 πονουμένῳ
995 1839 1115 1886 συντε-

156 1921 337 2006 τριμμένον
358 1916 397 1987 τό
421 1916 506 2006 δόρυ
523 1909 587 2006 ἦν,
610 1911 629 1986 ό
647 1918 686 1987 δὲ
698 1924 746 2011 τῷ
759 1917 869 2007 ἡμίσει
886 1920 1114 2007 κεκλασμένου

156 2022 220 2089 τού
237 2019 379 2109 δόρατος
397 2016 462 2087 ούκ
480 2017 619 2107 άφανῶς
638 2019 790 2108 ἐμάχετο,
813 2020 871 2089 καὶ
889 2025 988 2089 τοῦτο
1006 2024 1116 2102 δείξας

153 2118 360 2212 Ἀλεξάνδρῳ
384 2115 488 2190 άλλον
512 2125 619 2190 αίτεϊν
656 2123 803 2190 ἐκέλευε·
837 2120 1036 2212 Δημάρατος
1065 2121 1115 2209 δέ,

157 2219 245 2311 ἀνὴρ
262 2228 465 2313 Κορίνθιος,
482 2227 551 2290 τῶν
568 2216 653 2310 ἄμφ’
673 2220 780 2292 αύτόν
798 2223 957 2312 ἑταίρων,
975 2226 1116 2292 δίδωσιν

118 2322 252 2415 τοαύτῷ
274 2321 312 2392 τό
337 2320 445 2392 αὑτοῦ
468 2323 563 2408 δόρυ.
595 2324 653 2392 καὶ
682 2322 720 2404 ὃς
746 2322 926 2412 άναλαβῶν
949 2324 1005 2392 καὶ
1033 2322 1148 2392 ίδῶνλ

158 2424 375 2514 Μιθριδάτην
400 2421 462 2494 τὸν
487 2431 635 2513 Δαρείου
662 2423 815 2515 γαμβρόν
841 2423 928 2494 πολύ
956 2423 1021 2514 πρό
1048 2429 1116 2494 τῶν

157 2523 271 2596 ἄλλων
294 2525 547 2614 προϊππεύοντα
572 2526 628 2594 καὶ
655 2526 823 2613 ἐπάγοντα
848 2526 917 2614 ἅμα
943 2519 979 2594 οἷ
1003 2523 1116 2616 ῶσπερ

158 2634 301 2716 ἔμβολον
317 2632 387 2696 τῶν
413 2628 560 2714 ίππέων,
584 2627 753 2709 ἐξελαύνει
769 2627 826 2696 καὶ
844 2624 945 2708 αύτός
962 2624 1028 2714 πρό
1046 2633 1115 2696 τῶν

157 2729 285 2798 ἄλλων·
303 2729 361 2796 καί
379 2736 501 2809 παίσας
521 2731 554 2808 ές
571 2725 608 2797 τό
626 2729 808 2817 πρόσωπον
824 2734 873 2822 τῷ
887 2727 999 2818 δόρατι
1011 2755 1114 2798 κατα-

118 2860 145 2901 ιτ
157 2831 274 2917 βάλλει
289 2828 351 2898 τὸν
369 2829 593 2917 Μιθριδάτην.
639 2833 675 2900 ἐν
694 2830 732 2899 δὲ
748 2829 856 2924 τούτῳ
870 2827 1038 2917 Ῥοισάκης
1054 2831 1118 2919 μὲν

158 2931 333 3002 ἐπελαύνει
349 2937 396 3024 τῷ
417 2929 623 3024 Ἀλεξάνδρῳ
640 2933 697 3000 καὶ
714 2938 804 3000 παίει
818 2929 1037 3020 Ἀλεξάνδρου
1054 2931 1117 3020 τὴν

155 3031 307 3120 κεφαλὴν
332 3037 374 3120 τῇ
397 3037 525 3100 κοπίδι·
561 3033 704 3101 καὶτοῦ
727 3032 790 3122 μὲν
805 3032 952 3121 κράνους
975 3059 1006 3102 τι
1030 3031 1151 3103 εἰπέ-8

155 3146 305 3222 θραυσε,
331 3131 394 3221 τὴν
412 3131 544 3220 πληγὴν
562 3133 600 3202 δὲ
618 3140 693 3221 ἔσχε
709 3132 746 3202 τό
768 3133 901 3220 κράνος.
936 3133 994 3202 καί
1011 3161 1115 3204 κατα-

155 3235 272 3323 βάλλει
287 3234 344 3304 καὶ
356 3240 478 3304 τούτου
492 3232 708 3324 Ἀλέξανδρος
726 3242 850 3316 παίσας
866 3241 914 3328 τῷ
932 3237 1043 3328 ξυστῷ
1060 3235 1115 3305 διά

119 3364 144 3406 ιο
156 3340 217 3406 τού
234 3334 390 3424 θῶρακος
409 3338 442 3416 ές
464 3333 502 3404 τό
522 3337 670 3421 στέρνον.
694 3336 924 3426 Σπιθριδάτης
942 3336 980 3406 δὲ
998 3334 1115 3407 άνετέ-

156 3465 235 3507 τατο
259 3437 322 3526 μὲν
344 3435 410 3525 ἤδη
428 3434 481 3506 ἐπ’
506 3430 724 3526 Ἀλέξανδρον
742 3436 885 3506 ὄπισθεν
901 3437 964 3526 τὴν
980 3443 1114 3526 κοπίδα,

156 3537 362 3628 ὑποφθάσας
375 3538 414 3608 δὲ
426 3534 534 3608 αύτόν
545 3546 685 3620 Κλεῖτος
698 3536 716 3608 ὁ
731 3543 916 3630 Δρωπίδου
930 3544 1019 3608 παίει
1031 3538 1114 3611 κατά
