2664 3946
229 235 292 298 144
585 231 836 288 εοεεεεααεου

227 398 267 458 γε
288 371 330 460 δὴ
353 373 409 439 καί
423 371 637 458 Ἀλέξανδρος
659 371 715 438 καί
736 373 772 437 οί
791 369 852 450 ξῦν
861 363 1068 457 Ἀλεξάνδρῳ
1084 372 1190 455 ἐπῆλ-

228 482 313 559 θον,
335 475 425 560 πλὴν
446 479 515 540 τόν
534 473 651 540 Ἰνδύν
673 479 847 558 ποταμῶν·
874 473 910 537 οί
927 475 965 538 δε
982 471 1081 538 Ἰνδοί
1103 473 1190 538 πόν-

229 600 298 642 των
319 581 479 659 ποταμῶν
500 574 653 660 μέγιστοί
677 575 772 639 εἰσιν.
812 574 919 657 ἐξίησι
940 572 977 640 δὲ
1000 564 1133 651 δ’δ’δξος
1156 575 1191 650 ές

196 693 213 742 ε
231 676 292 761 την
306 678 455 762 μεγάλην
469 675 648 742 θάλασσαν
662 672 724 759 τὴν
742 671 822 740 καθ’
835 673 1024 757 Ὑρκανίαν.
1048 675 1187 757 διαβάλ-

230 783 304 844 λειν
319 779 357 844 δὲ
378 779 604 861 ἐπιχειροῦντι
623 773 715 862 αύτῷ
735 775 795 840 τόν
809 773 960 860 ποταμὸν
976 775 1084 858 πάντη
1105 773 1217 846 ἄπο-ε

231 902 294 962 ρον
315 878 486 960 ἐφαίνετο·
522 875 561 942 τδ
581 877 644 961 μὲν
663 877 729 964 γάρ
752 867 849 962 εὖρος
868 865 914 961 ἦν
937 875 972 954 ές
992 877 1026 954 ἓξ
1047 876 1191 959 μάλιστα

234 981 412 1064 σταδίους,
444 979 552 1065 βάθος
582 981 620 1044 δέ
653 977 694 1044 ού
726 981 811 1061 πρός
841 979 944 1062 λόγον
970 978 1031 1044 τοῦ
1058 975 1190 1063 εὔρους,

233 1079 319 1146 άλλδι
354 1077 443 1146 πολύ
475 1082 519 1166 δή
550 1103 582 1146 τι
614 1079 804 1164 βαθύτερος
834 1080 892 1146 καί
921 1077 1105 1165 φαμμόδης
1134 1077 1191 1144 καί

233 1182 341 1268 ῥεῦμα
363 1179 440 1267 όξό,
468 1179 513 1260 ὥς
533 1183 575 1247 τά
593 1182 879 1265 καταπηγνύμενα
900 1179 984 1265 πρδς
1005 1179 1110 1246 αὐτοῦ
1130 1182 1192 1244 τοῦ

234 1285 298 1370 ῥοῦ
319 1283 564 1369 ἐκστρέφεσθαι
587 1284 625 1348 ἐκ
646 1289 705 1367 τῆς
730 1287 792 1366 γῆς
813 1280 854 1348 ού
876 1285 1043 1367 χαλεπαῖς,
1072 1273 1127 1346 οἷα
1148 1278 1189 1364 δὴ
1204 1311 1230 1352 ιο

199 1382 274 1450 λοῦ
294 1387 440 1469 βεβαίως
461 1383 546 1450 κατὰ
568 1384 626 1467 τῆς
651 1384 790 1466 ψάμμου
813 1384 985 1468 ίδρυμίυα.
1023 1381 1133 1458 άλλως
1153 1383 1192 1448 δὲ

233 1484 289 1552 καί
309 1483 433 1568 ἀπορία
453 1483 538 1571 ῦλης
560 1487 683 1562 ἐντοῖς
703 1485 817 1561 τόποις
837 1475 881 1568 ἦν
896 1485 953 1550 καὶ
971 1483 1068 1569 τριβὴ
1085 1481 1191 1568 πολλοὶ

233 1587 408 1672 ἐφαίνετο,
438 1589 470 1654 εί
489 1585 663 1670 μακρόθεν
684 1589 830 1669 μετίοιεν
852 1584 914 1650 όσα
937 1584 971 1662 ἐς
994 1585 1192 1670 γεφύρωσιν

232 1693 294 1753 τοῦ
316 1687 435 1770 πόρου.
474 1685 675 1772 ξυναγαγών
701 1677 765 1751 οὖν
785 1683 844 1763 τάς
871 1687 1036 1771 διφθέρας
1060 1681 1116 1770 ὑφ’
1140 1677 1194 1762 αἷς

234 1788 404 1873 ἐσκήνουν
421 1789 457 1853 οί
475 1793 673 1869 στρατιῶται
693 1792 846 1872 φορυτοῦ
869 1785 1037 1871 ἐμπλῆσαί
1058 1786 1192 1853 έκέλευ-
1206 1817 1233 1858 ιε

233 1907 293 1955 σευ
316 1886 360 1967 ῦς
386 1891 571 1974 ξηροτάτου
597 1888 654 1954 καὶ
675 1890 861 1972 καταδῆσαί
883 1911 919 1954 τε
940 1889 997 1955 καὶ
1023 1890 1193 1972 ξυρράψαι

234 1988 395 2075 άκριβῦς,
426 1995 486 2056 τοῦ
513 1988 556 2073 μη
582 1990 765 2056 ἐσδύεσθαι
788 1989 822 2066 ές
849 1983 952 2067 αὐτάς
978 1996 1040 2055 τοῦ
1060 1989 1191 2066 ῦδατος.

236 2093 481 2176 ἐμπλησθεῖσαι
502 2092 541 2157 δὲ
567 2091 625 2156 καὶ
652 2093 873 2176 ξυρραφεῖσαι
903 2089 1015 2156 ίκαναὶ
1037 2091 1193 2174 ἐγένοντο

235 2191 430 2277 διαβιβάσαι
451 2192 511 2259 τόν
533 2190 677 2278 στρατὸν
701 2195 739 2258 ἐν
761 2194 860 2257 πέντε
880 2189 1029 2276 ἡμέραις.

202 2299 219 2356 5
319 2294 411 2379 Πρὶν
446 2295 484 2360 δὲ
525 2296 716 2378 διαβαίνειν
756 2293 816 2358 τόν
849 2293 1015 2377 ποταμόν,
1055 2297 1123 2360 τοῖν
1157 2317 1193 2359 τε
1206 2323 1234 2366 τε

236 2395 449 2462 Μακεδόνων
478 2397 629 2474 ἐπιλέξας
656 2394 735 2471 τούς
767 2396 1019 2478 πρεσβυτάτους
1045 2393 1103 2461 καὶ
1128 2394 1193 2479 ἤδη

236 2495 425 2581 ἀπολέμους
450 2496 507 2562 καί
532 2487 600 2562 τόν
623 2499 807 2563 Θεσσαλῶν
827 2494 906 2573 τούς
932 2497 1112 2573 ἐθελοντὰς
1133 2521 1194 2562 κα-

237 2600 458 2681 ταμείναντας
480 2597 533 2663 ἐπ’
555 2603 652 2664 οίκου
667 2597 871 2664 ἀπέστειλεν.
900 2599 1059 2682 ἐκπέμπει
1079 2598 1117 2663 δὲ
1138 2597 1196 2666 καὶ

237 2699 458 2784 Στασάνορα,
488 2700 549 2765 ἕνα
575 2703 645 2766 τοῖν
672 2699 827 2783 ἑταίρων,
860 2700 895 2776 ές
918 2697 1081 2782 Ἀρείους,
1109 2721 1196 2783 προ-

236 2800 357 2880 στάξας
381 2797 548 2886 Ἀρσάμην
573 2801 637 2886 μὲν
665 2799 725 2866 τόν
757 2801 932 2885 σατράπην
963 2799 1032 2867 νῦν
1058 2802 1234 2884 Ἀρείωνκε

115 2931 117 2936 ’
237 2905 429 2987 ξυλλαβεῖν,
462 2899 512 2967 ὅτι
535 2902 754 2969 ἐθελοκακεῖν
775 2899 865 2990 αύτῷ
884 2901 1048 2987 Ἀρσάμης
1069 2903 1195 2984 ἔδοξεν,

238 3001 343 3069 αύτδυ
363 3004 401 3070 δὲ
422 3005 597 3090 σατράπην
612 2999 698 3070 είναι
719 3001 790 3070 ἀντ’
812 3005 946 3071 ἐκείνου
963 3002 1110 3088 Ἀρείων.

204 3129 220 3178 ς
320 3105 478 3190 Περάσας
498 3106 536 3173 δὲ
555 3095 725 3184 τδνᾮξον
739 3103 891 3188 ποταμόν
904 3095 967 3190 ἦγε
985 3102 1070 3170 κατὰ
1090 3121 1196 3170 σπου-

238 3205 303 3292 δην
323 3207 382 3273 ἰ’να
395 3212 531 3291 Βῆσσον
550 3203 637 3272 εἶναι
659 3204 722 3284 ξύν
743 3211 785 3291 τῇ
807 3207 950 3289 δυνάμει
973 3201 1197 3273 ἐπυνθάνετο.

237 3313 292 3377 καί
322 3312 361 3378 ἐν
385 3309 493 3396 τούτῳ
518 3306 743 3394 ἀφικνοῦνται
769 3305 860 3393 παρὰ
882 3309 1115 3393 Σπιταμένους
1141 3304 1237 3373 καίεο

237 3412 463 3496 Δαταφέρνου
478 3408 562 3494 πρός
576 3405 635 3476 αὐτ
641 3408 679 3476 δν
691 3407 908 3492 ἀγγέλλοντες
923 3407 973 3474 ὅτι
985 3411 1198 3493 Σπιταμένης

238 3513 295 3582 καί
305 3512 539 3599 Δαταφέρνης,
557 3513 588 3578 εί
600 3513 771 3596 πεμφθείη
786 3507 899 3586 αὐτοῖς
913 3509 969 3576 καὶ
985 3506 1079 3594 ὀλίγη
1095 3529 1199 3589 στρα-
