2590 3948
218 235 282 301 282
583 234 835 293 ιεεεεειεου

184 419 202 470 4
300 394 501 482 Ξυνηνέχθη
517 392 559 460 δέ
567 419 598 460 τι
611 419 668 461 και
656 391 868 462 ἱ’τοιόνδε
827 417 868 480 τη
882 410 1020 480 στρατιρι
1003 391 1129 458 “dv
1084 415 1127 478 τη
1143 391 1193 477 γῇ

224 499 349 584 ἐκείνη.
376 495 461 564 οί
422 522 488 583 γαρ
501 493 662 582 ἡγεμόνες
675 497 733 581 τὴς
747 489 830 560 ὁδοῦ
843 493 1064 599 τελευτῶντες
1075 487 1196 560 ούκέτι

220 601 410 686 μεμνῆσθαι
424 595 619 683 ἔφασκον
584 622 646 722 την
665 587 762 682 ὁδόν,
781 591 857 662 ἀλλ’
876 582 1106 681 ἀφανισθῆναι
1119 591 1192 680 γάρ

218 698 259 766 τά
283 711 401 822 σημεῖα
429 695 535 783 αότὴς
555 697 642 787 πρός
662 699 723 766 τοῦ
753 693 879 782 ἀνέμου
905 693 1189 773 ἐπιπνεύσαντος·

220 797 337 869 καῖ’
296 826 360 867 ουιι
370 795 456 867 εἶναι
473 800 566 867 ἐν
524 824 565 888 τη
583 797 710 889 ψάμμῳ
720 799 828 887 πολλῇ
844 823 880 866 τε
894 797 951 866 καί
965 793 1064 885 όμοία
1077 791 1220 880 πάντηι

221 900 389 988 νενημένῃ
417 897 484 991 ότφ
510 897 791 1024 τεκμηριώσονται
815 895 877 984 τὴν
900 895 996 986 ὁδόν,
1021 892 1096 965 οὔτ’
1122 886 1193 964 ούν

222 1003 347 1088 δένδρα
374 1000 505 1088 ξυνήθη
532 998 612 1088 παρ’
642 997 751 1126 αότὴυ
783 998 976 1087 πεφυκότα,
1009 995 1087 1066 οὔτε
1112 994 1190 1064 τινά

221 1104 374 1190 γὴλοφον
401 1101 576 1190 βέβαιου’
556 1101 776 1190 αυεστηκότα
803 1097 886 1170 ούδδ
905 1100 990 1189 πρὸς
1014 1099 1056 1168 τά
1082 1095 1192 1186 ἄστρα

224 1206 260 1274 έν
272 1204 372 1273 νυκτὶ
385 1197 409 1292 ἡ
422 1201 499 1291 μεθ’
519 1201 647 1292 ἡμέραν
665 1202 750 1291 πρός
762 1200 823 1270 τόν
836 1201 931 1290 ἡλιον
944 1205 1195 1290 μεμελετῆσθαί

223 1325 317 1393 σφισι
341 1305 400 1385 τάς
426 1311 575 1393 πορείας,
600 1305 754 1392 καθάπερ
771 1319 842 1383 τοῖς
860 1303 998 1384 ναύταις
1015 1299 1101 1392 πρός
1119 1305 1191 1370 τοῖν
1205 1331 1228 1371 ιι

222 1405 356 1496 ἀρκτων
381 1405 445 1494 τὴν
471 1405 533 1494 μὲν
562 1405 702 1492 Φοίνιξι,
727 1405 789 1493 τὴν
814 1403 945 1493 όλίγηυ,
969 1403 1030 1492 τὴν
1054 1401 1093 1472 δέ
1117 1418 1191 1482 τοῖς

188 1527 205 1574 ο
224 1507 336 1588 ἄλλοις
350 1507 557 1594 ἀνθρωποις,
571 1506 632 1594 τὴν
645 1513 787 1594 μείζονα.
816 1513 901 1577 ἔνθα
915 1506 957 1594 δὴ
966 1504 1190 1591 Ἀλέξανδρον

222 1611 365 1691 ξυνέντα
379 1607 430 1677 ότι
444 1611 480 1676 ἐν
495 1605 653 1698 ἀριστερᾷ
667 1613 723 1678 δεῖ
733 1606 963 1678 ἀποκλίναντα
976 1606 1083 1694 ἄγειν,
1102 1603 1191 1675 ἀνα·

224 1710 372 1799 λαβόντα
390 1708 529 1796 ὀλίγους
547 1708 616 1799 ἅμα
629 1704 664 1778 ol
677 1711 797 1790 ίιιπέας
811 1710 1115 1798 προκεχωρηκέναι·
1144 1705 1191 1788 ὥς

223 1811 262 1881 δδ
277 1813 334 1880 καλ
352 1810 484 1880 τούτων
497 1815 534 1880 ολ
545 1815 641 1880 ίπποι
655 1810 835 1898 ἐξέκαμνον
848 1809 917 1880 ύπό
931 1816 994 1881 τοῦ
1007 1809 1190 1898 καύματος,
1203 1838 1225 1878 ιι

225 1910 402 1982 ἀπολιπεῖν
419 1911 477 1980 καὶ
497 1911 627 1982 τούτων
643 1911 724 1991 τούς
742 1913 902 2001 πολλούς,
928 1911 1035 1981 αὐτόν
1061 1911 1099 1980 δὲ
1127 1909 1192 1992 ξύν

225 2014 325 2082 πέντε
358 2025 429 2093 τοῖς
464 2015 566 2082 πόσιν
592 2013 865 2103 ἀφιππάσασθαι,
899 2014 956 2083 καῖ
982 2013 1097 2100 εύρεῖν
1129 2011 1191 2100 τὴν

223 2113 419 2184 θάλασσαν·
447 2113 697 2203 διαμησάμενόν
709 2141 744 2184 τε
757 2112 865 2184 αύτόυ
879 2115 935 2184 ἐπὶ
952 2119 1012 2183 τοῦ
1032 2119 1191 2200 αἰγιαλοῦ

225 2215 286 2284 τόν
311 2216 460 2304 κάχληκα
487 2218 656 2303 ἐπιτυχεῖν
681 2213 783 2285 όδατι
807 2223 930 2303 γλυκεῖ
951 2216 1010 2284 καί
1036 2219 1192 2306 καθαρῷ,

224 2317 282 2386 καί
308 2317 398 2387 ούτω
424 2325 601 2406 μετελθεῖν
626 2315 688 2408 τὴν
715 2316 875 2407 στρατιάν
900 2323 1026 2386 πᾶσαν·
1070 2319 1129 2385 καί
1158 2319 1192 2396 ἐς

227 2419 309 2488 ἑπτά
322 2419 448 2508 ἡμέρας
463 2420 548 2491 ίέναι
559 2421 650 2509 παρά
662 2418 724 2508 τὴν
733 2419 923 2507 θάλασσαν,
936 2417 1191 2507 ύδρευομέυους
1203 2451 1228 2491 εο
1277 2437 1278 2496 λ

226 2521 263 2588 ἐκ
288 2525 347 2609 τὴς
364 2521 489 2610 ἡῖόνος.
517 2527 619 2591 ἐνθεν
645 2522 694 2608 δέ,
721 2519 785 2608 ἡδη
812 2518 878 2608 γάρ
903 2519 1103 2607 γιγνιόσκειυ
1130 2517 1193 2606 τὴν

226 2619 310 2691 ὁδόν
335 2623 417 2704 τούς
442 2621 621 2710 ἡγεμόνας,
648 2623 704 2691 ἐπὶ
730 2626 789 2708 τῆς
814 2629 995 2709 μεσογαίας
1021 2629 1194 2690 ποιεῖσθαι

225 2719 288 2790 τόν
314 2723 443 2792 στόλον.

175 2826 215 2890 27
302 2821 358 2904 Ὡς
382 2824 420 2892 δὲ
438 2821 579 2911 ἀφίκετο
598 2825 632 2903 ἐς
655 2825 726 2892 τῶν
745 2827 951 2911 Γαδρωσίων
968 2822 1009 2891 τά
1027 2830 1194 2912 βασίλεια,
1207 2851 1231 2894 ιε

227 2923 394 2993 ἀναπαύει
412 2927 563 2994 ἐνταῦθα
579 2925 642 3009 τὴν
661 2923 827 3011 στρατιάν.
863 2925 920 2993 καὶ
934 2924 1196 3014 Ἀπολλοφάνην

226 3023 289 3114 μὲν
315 3024 415 3093 παύει
440 3027 498 3112 τὴς
516 3031 736 3113 σατραπείας,
764 3023 816 3094 ότι
841 3024 982 3106 οὐδενός
1011 3031 1098 3110 ἔγνω
1117 3028 1195 3094 ἐπι·
1276 3037 1277 3066 ¹

227 3126 417 3216 μεληθέυτα
434 3130 502 3194 τῶν
515 3126 849 3214 προεπηγγελμένων,
864 3126 998 3196 Θόαντα
1012 3125 1051 3195 δὲ
1064 3146 1195 3212 σατρα·

227 3228 342 3298 πεύειυ
355 3231 424 3296 τῶν
432 3224 538 3316 ταύτῃ
556 3229 661 3307 ἔταξε·
680 3227 802 3296 τούτου
818 3227 855 3295 δδ
862 3226 954 3320 νόσῳ
967 3226 1194 3316 τελευτήσαν-

226 3355 282 3409 τος
310 3329 491 3418 Σιβύρτιος
517 3326 580 3416 τὴν
598 3334 803 3415 σατραπείαν
823 3329 1003 3416 ἐκδέχεται·
1042 3327 1061 3397 6
1087 3325 1195 3412 αότδς
1208 3357 1230 3398 ω

227 3430 266 3499 δὲ
279 3429 336 3499 καὶ
345 3434 544 3520 Καρμανίας
556 3429 727 3517 σατράπης
741 3421 785 3514 ἡν
795 3431 916 3498 νεωστί
930 3426 1195 3516 ἐξἈλεξάυδρου

226 3537 378 3618 ταχθείς·
410 3530 485 3600 τότε
511 3528 549 3599 δὲ
574 3529 684 3622 τούτῳ
705 3529 768 3619 μὲν
783 3524 980 3618 Ἀραχατοῖιν
996 3556 1032 3599 τε
1049 3531 1106 3598 καί
1124 3533 1196 3601 τῶν
