2664 3946
215 201 274 270 152
564 207 816 264 εαεεεειιεοε

214 363 577 453 περιστρατοπεδεύσας
614 361 833 449 Ἀλέξανδρος
879 359 1038 452 ἡμέραν
1079 369 1179 451 μίαν
1303 428 1304 460 ,

215 463 441 554 ἐφρούρησεν·
499 468 536 534 οί
578 463 616 532 δὲ
663 465 776 554 ἐνδείᾳ
813 461 935 544 ὕδατος
974 467 1178 554 ἐνεχείρισαν
1303 489 1304 492 ’

215 571 303 655 σφάς
327 563 546 658 Ἀλεξάνδρῳ.

180 689 197 738 σ
296 665 364 754 Τὴν
382 667 420 736 δὲ
438 666 583 754 ἑβδόμην
599 663 698 734 πόλιν
717 667 749 747 ἐξ
768 663 894 752 ἐφόδου
914 672 1021 754 ἔλαβε,
1049 675 1177 736 Πτολε·

214 781 312 857 μαῑος
324 767 387 856 μέν
404 769 493 854 λέχει
509 766 560 835 ότι
577 763 703 846 αύτούς
721 771 809 853 σφοῖς
828 763 1002 848 ἐνδόντας·
1028 761 1203 854 ’Aoum-5
1305 777 1306 780 ’

214 876 336 958 βουλος
362 868 400 938 δέ
425 866 474 938 ότι
496 874 555 958 βία
571 869 629 936 καὶ
646 865 772 956 ταύτην
790 869 893 949 ἐξεῖλε
910 869 966 938 καὶ
984 865 1034 937 ότι
1050 868 1191 949 πάντας·
1232 877 1234 882 ’

214 968 294 1049 τούς
307 970 583 1059 καταληφθέντας
601 971 638 1038 έν
655 965 742 1057 αύτῇ
762 966 942 1038 ἀπέκτεινε.
971 977 1177 1058 Πτολεμαῖος

216 1071 254 1139 δὲ
294 1084 488 1158 κατανεῖμαι
522 1069 610 1156 λέγει
644 1064 749 1138 αύτόν
782 1069 861 1149 τούς
896 1067 1100 1158 ἀνθρώπους
1135 1074 1175 1158 τῇ

216 1177 352 1263 στρατιᾷ
378 1172 435 1240 καὶ
453 1171 653 1260 δεδεμένους
670 1173 825 1240 κελεύσαι
850 1169 1079 1257 φυλάττεσθαι
1107 1169 1175 1242 ἔστ’

215 1267 259 1340 ἀν
285 1275 322 1342 ἐκ
346 1278 405 1360 τῆς
431 1271 541 1362 χώρας
568 1269 811 1359 ἀπαλλάττηται
834 1268 951 1358 αύτός,
979 1271 1023 1352 οἱς
1049 1273 1177 1360 μηδένα
1191 1308 1216 1348 10

215 1371 457 1444 ἀπολείπεσθαι
481 1376 549 1442 τῶν
574 1372 638 1459 τὴν
663 1369 847 1442 ἀπόστασιν
875 1371 1081 1462 πραξάντων.

181 1497 197 1546 6
288 1471 343 1546 Ἐν
374 1473 482 1566 τούτῳ
510 1473 548 1542 δὲ
578 1476 646 1542 τοῖν
679 1499 715 1542 τε
742 1474 778 1541 ἐκ
803 1476 862 1560 τῆς
886 1470 997 1554 Ἀσίας
1024 1479 1177 1544 Σκυθῶν

215 1575 349 1665 στρατιά
382 1570 571 1663 ἀφικνεῖται
602 1572 685 1662 πρός
716 1573 776 1654 τάς
808 1569 913 1662 ὄχθας
938 1580 1000 1644 τού
1026 1578 1176 1663 ποταμοῦ

213 1681 275 1746 τοῦ
307 1675 488 1762 Τανάϊδος,
523 1673 728 1754 ἀκούσαντες
760 1679 797 1744 οί
830 1675 948 1744 πολλοὶ
981 1669 1096 1746 αύτῶν
1127 1674 1177 1746 ότι

215 1783 304 1846 ἔστιν
329 1784 365 1846 οἳ
380 1777 436 1844 καὶ
463 1781 530 1845 τοῖν
549 1773 602 1846 ἐπ’
623 1778 734 1846 ἐκεῖνα
750 1781 812 1845 τοῦ
829 1780 979 1864 ποταμοῦ
996 1777 1176 1868 βαρβάρων
1191 1811 1217 1851 ιε

214 1873 273 1946 ἀπ’
309 1871 528 1964 Ἀλεξάνδρου
559 1875 760 1964 ἀφεστᾶσιν,
796 1875 840 1957 ἀς
872 1883 904 1946 εί
935 1875 978 1964 δη’
1011 1907 1041 1946 τι
1073 1878 1176 1964 λόγον

215 1975 412 2058 ἀντάξιον
444 1985 681 2066 νεωτερίζοιτο,
715 1979 772 2046 καὶ
809 1975 906 2048 αύτοὶ
940 1979 1177 2066 ἐπιθησόμενοι

213 2093 284 2160 τοῖς
305 2077 488 2150 Μακεδόσι.
527 2082 583 2148 καὶ
610 2082 646 2148 οί
669 2076 755 2168 ἀμφὶ
777 2079 990 2168 Σπιταμένην
1011 2080 1049 2149 δέ
1068 2078 1177 2170 ἀπηγ-

214 2179 386 2268 χέλθησαν
405 2179 457 2249 ότι
477 2178 558 2261 τούς
580 2182 617 2250 ἐν
637 2179 876 2269 Μαρακάνδοις
895 2182 1177 2268 καταλειφθέντας

182 2283 254 2354 ιέν
285 2287 326 2371 τῇ
361 2279 447 2373 ἀκρηι
479 2287 725 2370 πολιορκοῦσιν.
777 2287 862 2350 ἔνθα
894 2280 936 2370 δη
960 2278 1176 2371 Ἀλέξανδρος
1190 2318 1217 2360 ω

215 2382 270 2452 ἐπὶ
299 2381 362 2471 μὲν
401 2381 481 2464 τούς
515 2380 602 2471 ἀμφὶ
633 2383 845 2471 Σπιταμένην
877 2378 1106 2472 Ἀνδρόμαχόν
1141 2412 1177 2454 τε

214 2481 410 2554 ἀποστέλλει
441 2484 497 2554 καὶ
531 2485 733 2571 Μενέδημον
758 2485 815 2552 καὶ
842 2481 1020 2572 Κάρανον,
1057 2487 1176 2566 ίππέας

213 2586 276 2671 μέν
315 2591 450 2672 έχοντας
484 2589 553 2654 τάν
586 2586 727 2672 ἑταίρων
760 2585 793 2664 ές
830 2583 987 2671 ἑξήκοντα
1021 2586 1077 2655 καὶ
1109 2592 1177 2655 τῶν

213 2685 433 2774 μισθοφόρων
475 2682 710 2772 ὀκτακοσίους,
765 2676 814 2754 ὦν
853 2681 1009 2772 Κάρανος
1052 2684 1175 2775 ἡγεῖτο,

213 2783 330 2868 πεζούς
363 2785 401 2856 δέ
431 2783 663 2874 μισθοφόρους
696 2787 729 2866 ές
761 2790 890 2873 χιλίους
921 2797 1175 2869 πεντακοσίους·
1190 2821 1217 2862 ει

214 2883 380 2955 ἐπιτάσσει
412 2884 451 2954 δέ
484 2882 600 2966 αὐτοῖς
634 2884 836 2975 Φαρνούχην
862 2886 921 2958 τόν
949 2890 1106 2978 ἑρμηνέα,
1139 2889 1176 2958 τό

212 2985 276 3074 μέν
306 2988 404 3073 γένος
436 2986 562 3056 Λύκιον
598 2985 657 3056 τόν
692 2987 913 3077 Φαρνούχην,
949 2992 1111 3080 ἐμπείρως
1138 2990 1176 3060 δὲ

212 3093 272 3175 τῆς
303 3115 338 3158 τε
369 3089 484 3178 φωνῆς
515 3093 583 3156 τῶν
614 3088 717 3178 ταύτη
752 3090 934 3178 βαρβάρων
969 3096 1086 3178 ἔχοντα
1120 3093 1177 3160 καλ

212 3187 253 3256 τά
280 3187 365 3258 ἀλλα
391 3187 544 3278 ὁμιλῆσαι
569 3186 685 3270 αύτοῑς
711 3189 821 3272 δεξιόν
847 3189 1059 3279 φαινόμενον.

176 3289 198 3352 4
290 3288 402 3371 Αύτός
435 3289 473 3360 δέ
504 3287 566 3378 τὴν
598 3290 694 3360 πόλιν
724 3287 767 3379 ἢν
803 3290 933 3361 ἐπενόει
963 3300 1106 3380 τειχίσας
1140 3296 1217 3366 ένω

212 3391 348 3481 ἡμέραις
387 3401 492 3461 είκοσι
522 3391 580 3460 καλ
613 3393 801 3474 ξυνοικίσας
835 3395 868 3473 ές
900 3391 1007 3480 αὐτὴν
1039 3400 1108 3464 τῶν
1141 3422 1177 3466 τε

210 3486 384 3580 Ἐλλήνων
401 3491 621 3584 μισθοφόρων
638 3495 694 3562 καὶ
712 3492 801 3574 ὅστις
818 3497 886 3562 τῶν
908 3495 1178 3583 προσοικούντων
