2650 3948
215 247 255 313 ις
566 243 813 300 mmmm*

214 387 276 478 τὴν
292 388 400 478 μάχην
418 387 575 475 ξύνθημα
588 383 691 468 αύτὸς
704 390 835 477 πρῶτος
849 388 1026 476 προσέμιξε
1042 391 1090 480 τῷ
1108 390 1170 476 χοὶ·

215 518 292 578 ρακι
308 489 366 558 καὶ
383 488 568 569 διασπάσας
582 483 687 558 αύτδν
706 491 863 576 ἐνέβαλεν
881 492 914 569 ές
930 493 999 558 τοῖν
1013 496 1171 577 Θηβαίων

180 592 277 679 miv
307 589 536 680 προφυλακήν.
570 587 680 682 τούτφ
710 589 748 660 δέ
775 589 934 678 ἑπόμενος
961 588 1125 679 Ἀμύντας
1151 587 1169 659 ό

211 689 472 781 Ἀνδρομένους,
498 687 549 760 ὅτι
571 691 627 759 καὶ
651 692 909 778 ξυντεταγμένος
932 697 980 784 τῷ
997 696 1171 782 Περδίκκᾳ

215 788 277 880 ἦν,
304 789 451 880 ἐπήγαγε
476 792 532 860 καί
557 789 658 872 αύτός
681 790 743 880 τήν
766 791 876 862 αύτού
898 791 1007 880 τάξιν,
1034 787 1079 874 ὥς
1103 791 1171 862 εἶδε
1195 821 1210 863 ε

215 893 277 964 τόν
306 898 499 981 Περδίκκαν
532 891 787 980 προεληλυθότα
818 903 897 963 είσω
927 899 987 962 τοῦ
1017 894 1171 983 χάρακος.

216 1001 321 1064 ταῦτα
335 994 373 1063 δὲ
388 986 473 1064 ίδών
486 992 712 1084 Ἀλέξανδρος,
731 991 775 1074 ὥς
787 993 832 1082 μὴ
845 994 942 1082 μόνοι
954 992 1171 1084 άποληφθέν·

217 1125 270 1178 τες
299 1095 384 1186 πρός
409 1101 478 1164 τῶν
502 1103 659 1186 Θηβαίων
684 1095 956 1184 κινδυνεύσειαν,
985 1099 1085 1184 ἐπῆγε
1110 1094 1173 1182 τὴν

184 1197 323 1284 σάλλην
349 1197 513 1287 στρατιάν.
565 1197 621 1265 καὶ
651 1195 732 1277 τούς
761 1195 824 1285 μέν
848 1197 982 1279 τοξότας
1008 1198 1065 1266 καὶ
1094 1196 1173 1277 τούς

221 1302 390 1387 Αγριάνας
409 1301 588 1386 ἐκδραμεῖν
607 1296 769 1386 ἐσήμηνεν
787 1307 867 1367 είσω
879 1302 939 1367 τού
953 1297 1114 1387 χάρακος,
1131 1295 1171 1366 τά
1186 1327 1211 1368 ιο
1313 1305 1314 1308 ’

217 1400 256 1468 δὲ
280 1397 430 1487 άγήματα
453 1399 509 1467 καὶ
526 1397 607 1478 τούς
623 1395 834 1479 ὑπασπιστάς
852 1405 898 1468 ἔτι
923 1402 987 1482 ἔξω
1010 1414 1171 1487 κατεῖχεν.

218 1507 304 1570 ένθα
330 1499 372 1588 δη
389 1505 579 1588 Περδίκκας
596 1499 658 1587 μὲν
674 1505 737 1568 τοῦ
755 1501 914 1588 δευτέρου
932 1499 1076 1589 χάρακος
1094 1511 1173 1570 τίσω

218 1612 402 1690 παρελθεῖν
420 1599 609 1688 βιαζόμενος
625 1597 726 1681 αύτός
744 1599 806 1688 μὲν
822 1603 961 1690 βληθεὶς
979 1609 1090 1672 πίπτει
1107 1597 1172 1670 αύ-

217 1709 295 1772 τού·
323 1703 378 1770 καὶ
397 1699 624 1790 ἀποκομίζεται
642 1707 752 1782 κακῶς
773 1708 859 1791 ἔχων
872 1704 926 1772 ἐπὶ
938 1702 975 1790 τό
989 1701 1170 1792 στρατόπε-

219 1809 291 1890 δον,
310 1803 365 1871 καί
378 1807 529 1891 χαλεπῶς
548 1803 693 1892 διεσώθη
711 1800 777 1872 άπὸ
794 1807 856 1873 τού
873 1804 1077 1893 τραύματος·
1094 1803 1174 1883 τούς
1187 1832 1212 1873 τι

218 1905 331 1992 μέντοι
354 1910 522 1991 Θηβαίους
549 1906 583 1985 ές
607 1903 671 1992 τὴν
695 1912 812 1991 κοίλην
838 1899 922 1974 ὁδόν
947 1905 1009 1994 τὴν
1031 1904 1114 1974 κατά
1136 1903 1174 1974 τό

215 2000 409 2094 Ἡράκλειον
427 2006 599 2093 φέρουσαν
616 2010 652 2076 οί
667 2005 735 2093 ἅμα
748 2003 839 2074 αότιι
859 2007 1069 2087 εἰσπεσόντες
1088 2005 1175 2095 ὁμοῦ

185 2118 203 2169 4
219 2121 289 2186 τοῖς
303 2103 381 2193 παρ’
398 2104 618 2195 Ἀλεξάνδρου
632 2107 777 2188 τοξόταις
790 2109 1015 2178 συνέκλεισαν.
1032 2107 1089 2176 καὶ
1103 2114 1177 2177 ἔστε

218 2208 281 2296 μέν
312 2209 367 2276 ἐπὶ
396 2207 433 2278 τό
461 2202 654 2295 Ἡράκλειον
685 2205 916 2296 άναχωρούσιν
942 2214 1075 2278 είποντο
1104 2223 1175 2288 τοῖς

220 2315 392 2397 Θηβαίοις·
412 2312 571 2379 ἐντεῦθεν
586 2309 624 2377 δέ
638 2309 905 2399 ἐπιστρεψάντων
919 2303 1020 2391 αὖθις
1032 2309 1097 2379 σύν
1110 2313 1175 2399 βοῇ
1188 2339 1215 2382 το
1313 2393 1314 2398 ¹

218 2417 288 2481 τῶν
312 2417 468 2500 Θηβαίων
491 2409 584 2497 φυγὴ
605 2415 673 2478 τῶν
694 2409 905 2481 Μακεδόνων
926 2418 1090 2499 γίγνεται·
1118 2411 1176 2479 καὶ

221 2511 427 2602 Εύρυβιότας
443 2539 480 2580 τε
503 2509 521 2580 ὁ
540 2509 632 2601 Κρὴς
649 2518 760 2580 πίπτει
776 2509 795 2580 ὁ
812 2513 970 2601 τοξάρχης
987 2513 1044 2582 καὶ
1061 2509 1176 2581 αύτύν

219 2617 288 2682 τῶν
303 2615 448 2694 τοξοτῶν
462 2616 495 2693 ἐς
510 2613 748 2701 ἑβδομήκοντα·
767 2617 802 2682 οί
813 2618 834 2681 δ
836 2613 851 2682 ὲ
864 2613 973 2682 λοιποί
986 2614 1177 2700 κατέφυγον

221 2713 305 2802 πρός
329 2712 367 2783 τό
384 2712 494 2802 ἄγημα
516 2712 554 2782 τό
578 2719 647 2782 τάν
664 2713 875 2784 Μακεδόνων
893 2715 949 2783 καὶ
965 2715 1044 2796 τούς
1062 2710 1176 2784 ύπασ·

187 2829 204 2880 5
221 2813 338 2896 πιστάς
350 2813 429 2896 τούς
442 2813 641 2903 βασιλικούς.
667 2811 732 2884 κάν
744 2815 852 2909 τούτῳ
866 2813 1082 2906 Ἀλέξανδρος
1095 2814 1175 2896 τούς
1189 2843 1214 2884 ει

219 2917 283 3008 μέν
308 2911 415 2986 αὑτοῦ
440 2915 626 3004 φεύγοντας
652 2914 813 3004 κατιδύν,
837 2915 918 2998 τούς
945 2924 1112 3005 Θηβαίους
1138 2917 1177 2986 δέ

221 3016 400 3096 λελυκότας
420 3019 456 3085 έν
478 3022 520 3106 τῇ
537 3016 646 3098 διάξει
668 3017 729 3105 τήν
746 3017 858 3105 τάξιν,
883 3019 1036 3106 ἐμβάλλει
1058 3021 1092 3100 ές
1110 3015 1175 3090 αύ-

220 3118 300 3198 τούς
324 3119 570 3206 συντεταγμένη
592 3123 636 3208 τῇ
659 3119 820 3206 φάλαγγι·
846 3123 881 3189 ολ
897 3119 935 3188 δέ
953 3118 1081 3190 ύθούσι
1097 3119 1177 3200 τούς

223 3225 392 3307 Θηβαίους
422 3228 503 3288 είσω
532 3223 601 3286 τόν
624 3224 757 3287 πολύν·
789 3220 847 3288 καὶ
869 3235 938 3300 τοϊς
962 3228 1118 3310 Θηβαίοις
1143 3224 1177 3302 ές

221 3316 360 3390 τοσόνδε
389 3313 410 3409 ἡ
440 3317 531 3409 φυγὴ
559 3317 686 3410 φοβερά
718 3323 883 3408 ἐγίγνετο,
915 3321 999 3392 ὥστε
1029 3321 1084 3392 διά
1107 3329 1215 3394 τύνιο

222 3427 339 3491 πυλῶν
365 3417 553 3511 ὠθούμενοι
577 3423 609 3500 ἐς
627 3419 690 3508 τὴν
712 3421 812 3491 πόλιν
834 3419 897 3491 οόκ
918 3427 1072 3512 ἔφθησαν
1089 3445 1175 3512 συγ-

222 3531 348 3595 κλεῖσαι
366 3521 424 3607 τάς
442 3521 568 3603 πύλας·
586 3519 671 3592 ἄλλά
689 3528 964 3594 συνεισπίπτουσι
979 3524 1044 3616 γάρ
1062 3523 1176 3607 αύτοῐς
