<?xml version="1.0" encoding="UTF-8"?>
<!DOCTYPE html PUBLIC "-//W3C//DTD XHTML 1.0 Transitional//EN"
    "http://www.w3.org/TR/xhtml1/DTD/xhtml1-transitional.dtd">
<html xmlns="http://www.w3.org/1999/xhtml" xml:lang="en" lang="en">
 <head>
  <title>
</title>
<meta http-equiv="Content-Type" content="text/html;charset=utf-8" />
  <meta name='ocr-system' content='tesseract 3.04.00' />
  <meta name='ocr-capabilities' content='ocr_page ocr_carea ocr_par ocr_line ocrx_word'/>
</head>
<body>
  <div class='ocr_page' id='page_1' title='image "./arrianianabasis00abicgoog_0148.png"; bbox 0 0 2664 3946; ppageno 0'>
   <div class='ocr_carea' id='block_1_1' title="bbox 504 269 1123 339">
    <p class='ocr_par' dir='ltr' id='par_1_1' title="bbox 504 269 1123 339">
     <span class='ocr_line' id='line_1_1' title="bbox 504 269 1123 339; baseline 0.002 -14"><span class='ocrx_word' id='word_1_1' title='bbox 504 273 687 326; x_wconf 71' lang='grc' dir='ltr'><strong>ΔΝΑΒΑΣῙΣ</strong></span> <span class='ocrx_word' id='word_1_2' title='bbox 704 277 734 339; x_wconf 79' lang='grc' dir='ltr'><strong><em>ε,</em></strong></span> <span class='ocrx_word' id='word_1_3' title='bbox 756 277 795 326; x_wconf 80' lang='lat'><strong><em>14.</em></strong></span> <span class='ocrx_word' id='word_1_4' title='bbox 1064 269 1123 338; x_wconf 75' lang='lat'><strong><em>117</em></strong></span> 
     </span>
    </p>
   </div>
   <div class='ocr_carea' id='block_1_2' title="bbox 128 413 1162 2834">
    <p class='ocr_par' dir='ltr' id='par_1_2' title="bbox 128 413 1158 1417">
     <span class='ocr_line' id='line_1_2' title="bbox 164 413 1158 502; baseline -0.005 -19"><span class='ocrx_word' id='word_1_5' title='bbox 164 423 277 486; x_wconf 91' lang='grc' dir='ltr'><strong><em>λευσε·</em></strong></span> <span class='ocrx_word' id='word_1_6' title='bbox 296 415 354 483; x_wconf 81' lang='grc' dir='ltr'><strong><em>καὶ</em></strong></span> <span class='ocrx_word' id='word_1_7' title='bbox 373 416 586 501; x_wconf 74' lang='grc' dir='ltr'><strong><em>ἐγκλίνουσιν</em></strong></span> <span class='ocrx_word' id='word_1_8' title='bbox 604 419 640 482; x_wconf 84' lang='grc' dir='ltr'><strong><em>οί</em></strong></span> <span class='ocrx_word' id='word_1_9' title='bbox 654 413 826 502; x_wconf 90' lang='grc' dir='ltr'><strong><em>βάρβαροι.</em></strong></span> <span class='ocrx_word' id='word_1_10' title='bbox 858 414 1016 502; x_wconf 77' lang='grc' dir='ltr'><em>Βάκτριοι</em></span> <span class='ocrx_word' id='word_1_11' title='bbox 1034 413 1072 482; x_wconf 77' lang='grc' dir='ltr'><strong><em>δέ</em></strong></span> <span class='ocrx_word' id='word_1_12' title='bbox 1090 419 1158 484; x_wconf 75' lang='grc' dir='ltr'><strong><em>ολλ</em></strong></span> 
     </span>
     <span class='ocr_line' id='line_1_3' title="bbox 164 515 1125 596; baseline 0.001 -12"><span class='ocrx_word' id='word_1_13' title='bbox 164 515 259 584; x_wconf 82' lang='grc' dir='ltr'><strong><em>ἄλλοι</em></strong></span> <span class='ocrx_word' id='word_1_14' title='bbox 281 515 485 595; x_wconf 75' lang='grc' dir='ltr'><strong><em>πελάσαντες</em></strong></span> <span class='ocrx_word' id='word_1_15' title='bbox 507 531 578 596; x_wconf 79' lang='grc' dir='ltr'><strong><em>τοῖς</em></strong></span> <span class='ocrx_word' id='word_1_16' title='bbox 597 524 726 586; x_wconf 89' lang='grc' dir='ltr'><strong><em>Παίοσί</em></strong></span> <span class='ocrx_word' id='word_1_17' title='bbox 741 517 850 584; x_wconf 81' lang='grc' dir='ltr'><strong><em>τεκαὶ</em></strong></span> <span class='ocrx_word' id='word_1_18' title='bbox 868 515 974 596; x_wconf 79' lang='grc' dir='ltr'><strong><em>ξένοις</em></strong></span> <span class='ocrx_word' id='word_1_19' title='bbox 991 515 1072 596; x_wconf 89' lang='grc' dir='ltr'><strong><em>τούς</em></strong></span> <span class='ocrx_word' id='word_1_20' title='bbox 1089 541 1125 585; x_wconf 87' lang='grc' dir='ltr'><strong><em>τε</em></strong></span> 
     </span>
     <span class='ocr_line' id='line_1_4' title="bbox 164 615 1125 707; baseline -0.003 -19"><span class='ocrx_word' id='word_1_21' title='bbox 164 620 263 704; x_wconf 76' lang='grc' dir='ltr'><strong><em>σφῶν</em></strong></span> <span class='ocrx_word' id='word_1_22' title='bbox 280 617 473 705; x_wconf 89' lang='grc' dir='ltr'><strong><em>φεύγοντας</em></strong></span> <span class='ocrx_word' id='word_1_23' title='bbox 491 615 555 704; x_wconf 83' lang='grc' dir='ltr'><strong><em>ήδη</em></strong></span> <span class='ocrx_word' id='word_1_24' title='bbox 574 615 783 707; x_wconf 77' lang='grc' dir='ltr'><strong><em>ἀνέστρεψαν</em></strong></span> <span class='ocrx_word' id='word_1_25' title='bbox 811 621 844 698; x_wconf 84' lang='grc' dir='ltr'><strong><em>ἐς</em></strong></span> <span class='ocrx_word' id='word_1_26' title='bbox 861 617 923 706; x_wconf 84' lang='grc' dir='ltr'><strong><em>τήν</em></strong></span> <span class='ocrx_word' id='word_1_27' title='bbox 940 616 1050 705; x_wconf 87' lang='grc' dir='ltr'><strong><em>μάχην</em></strong></span> <span class='ocrx_word' id='word_1_28' title='bbox 1067 618 1125 686; x_wconf 84' lang='grc' dir='ltr'><strong><em>καλ</em></strong></span> 
     </span>
     <span class='ocr_line' id='line_1_5' title="bbox 164 719 1126 807; baseline -0.001 -20"><span class='ocrx_word' id='word_1_29' title='bbox 164 719 225 807; x_wconf 83' lang='grc' dir='ltr'><strong><em>τήν</em></strong></span> <span class='ocrx_word' id='word_1_30' title='bbox 256 723 465 806; x_wconf 75' lang='grc' dir='ltr'><strong><em>ἱππομαχίαν</em></strong></span> <span class='ocrx_word' id='word_1_31' title='bbox 495 719 655 806; x_wconf 80' lang='grc' dir='ltr'><strong><em>ξυστῆναι</em></strong></span> <span class='ocrx_word' id='word_1_32' title='bbox 687 723 857 807; x_wconf 85' lang='grc' dir='ltr'><strong><em>ἐποίησαν.</em></strong></span> <span class='ocrx_word' id='word_1_33' title='bbox 897 721 954 789; x_wconf 86' lang='grc' dir='ltr'><strong><em>καὶ</em></strong></span> <span class='ocrx_word' id='word_1_34' title='bbox 987 725 1126 788; x_wconf 79' lang='grc' dir='ltr'><strong><em>ἔπιπτον</em></strong></span> 
     </span>
     <span class='ocr_line' id='line_1_6' title="bbox 139 818 1126 912; baseline -0.001 -23"><span class='ocrx_word' id='word_1_35' title='bbox 139 820 227 908; x_wconf 72' lang='grc' dir='ltr'><strong><em>εμὲν</em></strong></span> <span class='ocrx_word' id='word_1_36' title='bbox 251 827 404 899; x_wconf 88' lang='grc' dir='ltr'><strong><em>πλείονες</em></strong></span> <span class='ocrx_word' id='word_1_37' title='bbox 430 823 499 888; x_wconf 76' lang='grc' dir='ltr'><strong><em>τῶν</em></strong></span> <span class='ocrx_word' id='word_1_38' title='bbox 520 818 763 909; x_wconf 74' lang='grc' dir='ltr'><strong><em>Ἀλεξάνδρου,</em></strong></span> <span class='ocrx_word' id='word_1_39' title='bbox 789 824 836 912; x_wconf 78' lang='grc' dir='ltr'><strong><em>τῷ</em></strong></span> <span class='ocrx_word' id='word_1_40' title='bbox 860 847 896 889; x_wconf 88' lang='grc' dir='ltr'><strong><em>τε</em></strong></span> <span class='ocrx_word' id='word_1_41' title='bbox 913 820 1035 908; x_wconf 82' lang='grc' dir='ltr'><strong><em>πλήθει</em></strong></span> <span class='ocrx_word' id='word_1_42' title='bbox 1056 822 1126 888; x_wconf 79' lang='grc' dir='ltr'><strong><em>τῶν</em></strong></span> 
     </span>
     <span class='ocr_line' id='line_1_7' title="bbox 164 919 1127 1011; baseline -0.001 -20"><span class='ocrx_word' id='word_1_43' title='bbox 164 922 347 1011; x_wconf 88' lang='grc' dir='ltr'><strong><em>βαρβάρων</em></strong></span> <span class='ocrx_word' id='word_1_44' title='bbox 376 921 562 1010; x_wconf 82' lang='grc' dir='ltr'><strong><em>βιαζόμενοι</em></strong></span> <span class='ocrx_word' id='word_1_45' title='bbox 592 923 650 990; x_wconf 81' lang='grc' dir='ltr'><strong><em>καὶ</em></strong></span> <span class='ocrx_word' id='word_1_46' title='bbox 673 919 723 990; x_wconf 86' lang='grc' dir='ltr'><strong><em>ότι</em></strong></span> <span class='ocrx_word' id='word_1_47' title='bbox 747 919 851 991; x_wconf 90' lang='grc' dir='ltr'><strong><em>αύτοί</em></strong></span> <span class='ocrx_word' id='word_1_48' title='bbox 871 948 907 990; x_wconf 88' lang='grc' dir='ltr'><strong><em>τε</em></strong></span> <span class='ocrx_word' id='word_1_49' title='bbox 930 927 967 990; x_wconf 82' lang='grc' dir='ltr'><strong><em>ολ</em></strong></span> <span class='ocrx_word' id='word_1_50' title='bbox 991 921 1127 992; x_wconf 91' lang='grc' dir='ltr'><strong><em>Σκύθαι</em></strong></span> 
     </span>
     <span class='ocr_line' id='line_1_8' title="bbox 164 1020 1126 1112; baseline -0.002 -20"><span class='ocrx_word' id='word_1_51' title='bbox 164 1026 221 1092; x_wconf 81' lang='grc' dir='ltr'><strong><em>καλ</em></strong></span> <span class='ocrx_word' id='word_1_52' title='bbox 246 1029 282 1092; x_wconf 80' lang='grc' dir='ltr'><strong><em>ολ</em></strong></span> <span class='ocrx_word' id='word_1_53' title='bbox 304 1028 402 1092; x_wconf 76' lang='grc' dir='ltr'><strong><em>ἵπποι</em></strong></span> <span class='ocrx_word' id='word_1_54' title='bbox 426 1022 544 1102; x_wconf 76' lang='grc' dir='ltr'><strong><em>αὐτοῖς</em></strong></span> <span class='ocrx_word' id='word_1_55' title='bbox 569 1021 803 1112; x_wconf 79' lang='grc' dir='ltr'><strong><em>ἀκριβέστερον</em></strong></span> <span class='ocrx_word' id='word_1_56' title='bbox 831 1026 865 1103; x_wconf 85' lang='grc' dir='ltr'><strong><em>ἐς</em></strong></span> <span class='ocrx_word' id='word_1_57' title='bbox 883 1020 1041 1111; x_wconf 85' lang='grc' dir='ltr'><strong><em>φυλακήν</em></strong></span> <span class='ocrx_word' id='word_1_58' title='bbox 1064 1047 1126 1090; x_wconf 88' lang='grc' dir='ltr'><strong><em>πε-</em></strong></span> 
     </span>
     <span class='ocr_line' id='line_1_9' title="bbox 166 1115 1127 1213; baseline 0 -21"><span class='ocrx_word' id='word_1_59' title='bbox 166 1125 354 1212; x_wconf 90' lang='grc' dir='ltr'><strong><em>φραγμένοι</em></strong></span> <span class='ocrx_word' id='word_1_60' title='bbox 378 1115 475 1211; x_wconf 88' lang='grc' dir='ltr'><strong><em>ήσαν.</em></strong></span> <span class='ocrx_word' id='word_1_61' title='bbox 517 1121 603 1192; x_wconf 86' lang='grc' dir='ltr'><strong><em>άλλά</em></strong></span> <span class='ocrx_word' id='word_1_62' title='bbox 630 1126 687 1192; x_wconf 78' lang='grc' dir='ltr'><strong><em>καὶ</em></strong></span> <span class='ocrx_word' id='word_1_63' title='bbox 715 1119 759 1204; x_wconf 72' lang='grc' dir='ltr'><strong><em>ὣς</em></strong></span> <span class='ocrx_word' id='word_1_64' title='bbox 784 1123 845 1203; x_wconf 87' lang='grc' dir='ltr'><strong><em>τάς</em></strong></span> <span class='ocrx_word' id='word_1_65' title='bbox 870 1151 905 1192; x_wconf 87' lang='grc' dir='ltr'><strong><em>τε</em></strong></span> <span class='ocrx_word' id='word_1_66' title='bbox 936 1124 1127 1213; x_wconf 81' lang='grc' dir='ltr'><strong><em>προσβολάς</em></strong></span> 
     </span>
     <span class='ocr_line' id='line_1_10' title="bbox 166 1224 1126 1315; baseline 0 -21"><span class='ocrx_word' id='word_1_67' title='bbox 166 1225 281 1294; x_wconf 79' lang='grc' dir='ltr'><strong><em>αὐτῶν</em></strong></span> <span class='ocrx_word' id='word_1_68' title='bbox 314 1227 468 1312; x_wconf 86' lang='grc' dir='ltr'><strong><em>ἐδέχοντο</em></strong></span> <span class='ocrx_word' id='word_1_69' title='bbox 499 1230 536 1294; x_wconf 65' lang='lat' dir='ltr'><strong><em>oi</em></strong></span> <span class='ocrx_word' id='word_1_70' title='bbox 557 1224 756 1304; x_wconf 81' lang='grc' dir='ltr'><strong><em>Μακεδόνες</em></strong></span> <span class='ocrx_word' id='word_1_71' title='bbox 782 1227 839 1293; x_wconf 80' lang='grc' dir='ltr'><strong><em>καὶ</em></strong></span> <span class='ocrx_word' id='word_1_72' title='bbox 862 1233 922 1315; x_wconf 84' lang='grc' dir='ltr'><strong><em>βίᾳ</em></strong></span> <span class='ocrx_word' id='word_1_73' title='bbox 948 1225 1023 1294; x_wconf 89' lang='grc' dir='ltr'><strong><em>κατ’</em></strong></span> <span class='ocrx_word' id='word_1_74' title='bbox 1052 1233 1126 1304; x_wconf 75' lang='grc' dir='ltr'><strong><em>ἴλας</em></strong></span> 
     </span>
     <span class='ocr_line' id='line_1_11' title="bbox 128 1326 884 1417; baseline -0.008 -17"><span class='ocrx_word' id='word_1_75' title='bbox 128 1359 153 1400; x_wconf 84' lang='grc' dir='ltr'><strong><em>ιο</em></strong></span> <span class='ocrx_word' id='word_1_76' title='bbox 167 1334 433 1417; x_wconf 81' lang='grc' dir='ltr'><strong><em>προσπίπτοντες</em></strong></span> <span class='ocrx_word' id='word_1_77' title='bbox 453 1326 605 1408; x_wconf 84' lang='grc' dir='ltr'><strong><em>ἐξύθουν</em></strong></span> <span class='ocrx_word' id='word_1_78' title='bbox 624 1330 660 1395; x_wconf 81' lang='grc' dir='ltr'><strong><em>ἐκ</em></strong></span> <span class='ocrx_word' id='word_1_79' title='bbox 677 1330 735 1414; x_wconf 79' lang='grc' dir='ltr'><strong><em>τῆς</em></strong></span> <span class='ocrx_word' id='word_1_80' title='bbox 752 1326 884 1406; x_wconf 82' lang='grc' dir='ltr'><strong><em>τάξεως.</em></strong></span> 
     </span>
    </p>

    <p class='ocr_par' dir='ltr' id='par_1_3' title="bbox 167 1426 1160 1819">
     <span class='ocr_line' id='line_1_12' title="bbox 243 1426 1160 1520; baseline 0 -23"><span class='ocrx_word' id='word_1_81' title='bbox 243 1430 312 1497; x_wconf 83' lang='grc' dir='ltr'><strong><em>Καὶ</em></strong></span> <span class='ocrx_word' id='word_1_82' title='bbox 332 1431 368 1497; x_wconf 81' lang='grc' dir='ltr'><strong><em>ἐν</em></strong></span> <span class='ocrx_word' id='word_1_83' title='bbox 385 1428 496 1520; x_wconf 80' lang='grc' dir='ltr'><strong><em>τούτῳ</em></strong></span> <span class='ocrx_word' id='word_1_84' title='bbox 513 1426 554 1496; x_wconf 89' lang='grc' dir='ltr'><strong><em>τά</em></strong></span> <span class='ocrx_word' id='word_1_85' title='bbox 572 1426 704 1516; x_wconf 81' lang='grc' dir='ltr'><strong><em>ἅρματα</em></strong></span> <span class='ocrx_word' id='word_1_86' title='bbox 720 1429 761 1496; x_wconf 82' lang='grc' dir='ltr'><strong><em>τά</em></strong></span> <span class='ocrx_word' id='word_1_87' title='bbox 780 1427 1022 1516; x_wconf 78' lang='grc' dir='ltr'><strong><em>δρεπανηφόρα</em></strong></span> <span class='ocrx_word' id='word_1_88' title='bbox 1042 1430 1160 1515; x_wconf 74' lang='grc' dir='ltr'><strong><em>ἔφή-6</em></strong></span> 
     </span>
     <span class='ocr_line' id='line_1_13' title="bbox 167 1527 1126 1618; baseline -0.002 -20"><span class='ocrx_word' id='word_1_89' title='bbox 167 1556 231 1598; x_wconf 93' lang='grc' dir='ltr'><strong><em>καν</em></strong></span> <span class='ocrx_word' id='word_1_90' title='bbox 250 1535 285 1598; x_wconf 80' lang='grc' dir='ltr'><strong><em>ολ</em></strong></span> <span class='ocrx_word' id='word_1_91' title='bbox 299 1529 464 1618; x_wconf 90' lang='grc' dir='ltr'><strong><em>βάρβαροι</em></strong></span> <span class='ocrx_word' id='word_1_92' title='bbox 480 1528 554 1598; x_wconf 88' lang='grc' dir='ltr'><strong><em>κατ’</em></strong></span> <span class='ocrx_word' id='word_1_93' title='bbox 581 1527 687 1598; x_wconf 87' lang='grc' dir='ltr'><strong><em>αύτδν</em></strong></span> <span class='ocrx_word' id='word_1_94' title='bbox 706 1528 947 1618; x_wconf 76' lang='grc' dir='ltr'><strong><em>Ἁλέξανδρον,</em></strong></span> <span class='ocrx_word' id='word_1_95' title='bbox 975 1528 1022 1608; x_wconf 72' lang='grc' dir='ltr'><strong><em>ιδς</em></strong></span> <span class='ocrx_word' id='word_1_96' title='bbox 1040 1527 1126 1596; x_wconf 89' lang='grc' dir='ltr'><strong><em>άνα-</em></strong></span> 
     </span>
     <span class='ocr_line' id='line_1_14' title="bbox 167 1629 1126 1721; baseline -0.001 -23"><span class='ocrx_word' id='word_1_97' title='bbox 167 1629 366 1718; x_wconf 89' lang='grc' dir='ltr'><strong><em>ταράξοντες</em></strong></span> <span class='ocrx_word' id='word_1_98' title='bbox 390 1630 482 1721; x_wconf 79' lang='grc' dir='ltr'><strong><em>αύτῷ</em></strong></span> <span class='ocrx_word' id='word_1_99' title='bbox 500 1631 562 1717; x_wconf 83' lang='grc' dir='ltr'><strong><em>τήν</em></strong></span> <span class='ocrx_word' id='word_1_100' title='bbox 580 1631 748 1718; x_wconf 82' lang='grc' dir='ltr'><strong><em>φάλαγγα.</em></strong></span> <span class='ocrx_word' id='word_1_101' title='bbox 784 1630 966 1718; x_wconf 78' lang='grc' dir='ltr'><strong><em>καὶταύτῃ</em></strong></span> <span class='ocrx_word' id='word_1_102' title='bbox 985 1630 1126 1718; x_wconf 89' lang='grc' dir='ltr'><strong><em>μάλιστα</em></strong></span> 
     </span>
     <span class='ocr_line' id='line_1_15' title="bbox 170 1730 1127 1819; baseline -0.003 -17"><span class='ocrx_word' id='word_1_103' title='bbox 170 1731 402 1818; x_wconf 78' lang='grc' dir='ltr'><strong><em>ἐψεύσθησαν·</em></strong></span> <span class='ocrx_word' id='word_1_104' title='bbox 441 1731 482 1798; x_wconf 86' lang='grc' dir='ltr'><strong><em>τά</em></strong></span> <span class='ocrx_word' id='word_1_105' title='bbox 512 1730 575 1818; x_wconf 78' lang='grc' dir='ltr'><strong><em>μὲν</em></strong></span> <span class='ocrx_word' id='word_1_106' title='bbox 601 1733 666 1819; x_wconf 85' lang='grc' dir='ltr'><strong><em>γάρ</em></strong></span> <span class='ocrx_word' id='word_1_107' title='bbox 693 1730 801 1810; x_wconf 85' lang='grc' dir='ltr'><strong><em>εύθύς</em></strong></span> <span class='ocrx_word' id='word_1_108' title='bbox 827 1730 874 1811; x_wconf 76' lang='grc' dir='ltr'><strong><em>ὦς</em></strong></span> <span class='ocrx_word' id='word_1_109' title='bbox 903 1731 1127 1819; x_wconf 86' lang='grc' dir='ltr'><strong><em>προσεφέρετο</em></strong></span> 
     </span>
    </p>

    <p class='ocr_par' dir='ltr' id='par_1_4' title="bbox 132 1830 1162 2323">
     <span class='ocr_line' id='line_1_16' title="bbox 132 1830 1127 1923; baseline -0.004 -19"><span class='ocrx_word' id='word_1_110' title='bbox 132 1863 156 1904; x_wconf 80' lang='grc' dir='ltr'><strong><em>ιε</em></strong></span> <span class='ocrx_word' id='word_1_111' title='bbox 169 1832 412 1920; x_wconf 88' lang='grc' dir='ltr'><strong><em>κατηκόντισαν</em></strong></span> <span class='ocrx_word' id='word_1_112' title='bbox 435 1837 471 1900; x_wconf 77' lang='grc' dir='ltr'><strong><em>οἵ</em></strong></span> <span class='ocrx_word' id='word_1_113' title='bbox 491 1859 527 1902; x_wconf 87' lang='grc' dir='ltr'><strong><em>τε</em></strong></span> <span class='ocrx_word' id='word_1_114' title='bbox 546 1830 717 1921; x_wconf 84' lang='grc' dir='ltr'><strong><em>Ἀγριᾶνες</em></strong></span> <span class='ocrx_word' id='word_1_115' title='bbox 740 1835 798 1900; x_wconf 83' lang='grc' dir='ltr'><strong><em>καὶ</em></strong></span> <span class='ocrx_word' id='word_1_116' title='bbox 822 1838 859 1901; x_wconf 80' lang='grc' dir='ltr'><strong><em>ολ</em></strong></span> <span class='ocrx_word' id='word_1_117' title='bbox 881 1833 944 1914; x_wconf 84' lang='grc' dir='ltr'><strong><em>ξύν</em></strong></span> <span class='ocrx_word' id='word_1_118' title='bbox 961 1831 1127 1923; x_wconf 78' lang='grc' dir='ltr'><strong><em>Βαλάκρῳ</em></strong></span> 
     </span>
     <span class='ocr_line' id='line_1_17' title="bbox 169 1931 1126 2022; baseline -0.002 -20"><span class='ocrx_word' id='word_1_119' title='bbox 169 1931 362 2002; x_wconf 77' lang='grc' dir='ltr'><strong><em>ἀκοντισταὶ</em></strong></span> <span class='ocrx_word' id='word_1_120' title='bbox 376 1937 413 2002; x_wconf 83' lang='grc' dir='ltr'><strong><em>ολ</em></strong></span> <span class='ocrx_word' id='word_1_121' title='bbox 418 1935 678 2021; x_wconf 90' lang='grc' dir='ltr'><strong><em>προτεταγμένοι</em></strong></span> <span class='ocrx_word' id='word_1_122' title='bbox 689 1935 747 2022; x_wconf 80' lang='grc' dir='ltr'><strong><em>τῆς</em></strong></span> <span class='ocrx_word' id='word_1_123' title='bbox 763 1937 869 2003; x_wconf 85' lang='grc' dir='ltr'><strong><em>ἵππου</em></strong></span> <span class='ocrx_word' id='word_1_124' title='bbox 882 1939 952 2002; x_wconf 76' lang='grc' dir='ltr'><strong><em>τῶν</em></strong></span> <span class='ocrx_word' id='word_1_125' title='bbox 968 1937 1126 2022; x_wconf 88' lang='grc' dir='ltr'><strong><em>ἑταίρων·</em></strong></span> 
     </span>
     <span class='ocr_line' id='line_1_18' title="bbox 168 2033 1128 2125; baseline 0 -22"><span class='ocrx_word' id='word_1_126' title='bbox 168 2034 210 2103; x_wconf 85' lang='grc' dir='ltr'><strong><em>τά</em></strong></span> <span class='ocrx_word' id='word_1_127' title='bbox 229 2034 268 2104; x_wconf 76' lang='grc' dir='ltr'><strong><em>δὲ</em></strong></span> <span class='ocrx_word' id='word_1_128' title='bbox 285 2037 355 2103; x_wconf 79' lang='grc' dir='ltr'><strong><em>τάν</em></strong></span> <span class='ocrx_word' id='word_1_129' title='bbox 372 2035 527 2123; x_wconf 80' lang='grc' dir='ltr'><strong><em>ῥυτήρων</em></strong></span> <span class='ocrx_word' id='word_1_130' title='bbox 545 2033 866 2125; x_wconf 75' lang='grc' dir='ltr'><strong><em>ἀντιλαμβανόμενοι</em></strong></span> <span class='ocrx_word' id='word_1_131' title='bbox 882 2035 963 2116; x_wconf 89' lang='grc' dir='ltr'><strong><em>τούς</em></strong></span> <span class='ocrx_word' id='word_1_132' title='bbox 987 2062 1024 2104; x_wconf 89' lang='grc' dir='ltr'><strong><em>τε</em></strong></span> <span class='ocrx_word' id='word_1_133' title='bbox 1041 2033 1128 2103; x_wconf 86' lang='grc' dir='ltr'><strong><em>άνα-</em></strong></span> 
     </span>
     <span class='ocr_line' id='line_1_19' title="bbox 168 2135 1128 2226; baseline 0 -22"><span class='ocrx_word' id='word_1_134' title='bbox 168 2135 273 2225; x_wconf 88' lang='grc' dir='ltr'><strong><em>βάτας</em></strong></span> <span class='ocrx_word' id='word_1_135' title='bbox 286 2144 461 2205; x_wconf 81' lang='grc' dir='ltr'><strong><em>κατέσπων</em></strong></span> <span class='ocrx_word' id='word_1_136' title='bbox 470 2138 527 2206; x_wconf 85' lang='grc' dir='ltr'><strong><em>καλ</em></strong></span> <span class='ocrx_word' id='word_1_137' title='bbox 541 2135 622 2216; x_wconf 88' lang='grc' dir='ltr'><strong><em>τούς</em></strong></span> <span class='ocrx_word' id='word_1_138' title='bbox 632 2141 758 2217; x_wconf 80' lang='grc' dir='ltr'><strong><em>ἵππους</em></strong></span> <span class='ocrx_word' id='word_1_139' title='bbox 771 2137 1017 2226; x_wconf 78' lang='grc' dir='ltr'><strong><em>περιϊστάμενοι</em></strong></span> <span class='ocrx_word' id='word_1_140' title='bbox 1027 2142 1128 2206; x_wconf 81' lang='grc' dir='ltr'><strong><em>ἐκοπ-</em></strong></span> 
     </span>
     <span class='ocr_line' id='line_1_20' title="bbox 167 2235 1162 2323; baseline -0.002 -17"><span class='ocrx_word' id='word_1_141' title='bbox 167 2265 237 2307; x_wconf 93' lang='grc' dir='ltr'><strong><em>τον.</em></strong></span> <span class='ocrx_word' id='word_1_142' title='bbox 264 2245 332 2308; x_wconf 82' lang='grc' dir='ltr'><strong><em>ἔστι</em></strong></span> <span class='ocrx_word' id='word_1_143' title='bbox 345 2237 384 2307; x_wconf 79' lang='grc' dir='ltr'><strong><em>δέ</em></strong></span> <span class='ocrx_word' id='word_1_144' title='bbox 397 2235 418 2306; x_wconf 79' lang='grc' dir='ltr'><strong><em>ά</em></strong></span> <span class='ocrx_word' id='word_1_145' title='bbox 432 2239 489 2308; x_wconf 84' lang='grc' dir='ltr'><strong><em>καλ</em></strong></span> <span class='ocrx_word' id='word_1_146' title='bbox 503 2239 667 2319; x_wconf 81' lang='grc' dir='ltr'><strong><em>διεξέπεσε</em></strong></span> <span class='ocrx_word' id='word_1_147' title='bbox 684 2239 739 2307; x_wconf 86' lang='grc' dir='ltr'><strong><em>διά</em></strong></span> <span class='ocrx_word' id='word_1_148' title='bbox 752 2241 821 2305; x_wconf 80' lang='grc' dir='ltr'><strong><em>τῶν</em></strong></span> <span class='ocrx_word' id='word_1_149' title='bbox 833 2237 975 2317; x_wconf 81' lang='grc' dir='ltr'><strong><em>τάξεων·</em></strong></span> <span class='ocrx_word' id='word_1_150' title='bbox 995 2239 1127 2323; x_wconf 79' lang='grc' dir='ltr'><strong><em>διέσχον</em></strong></span> <span class='ocrx_word' id='word_1_151' title='bbox 1145 2247 1162 2295; x_wconf 82' lang='grc'><strong>6</strong></span> 
     </span>
    </p>

    <p class='ocr_par' dir='ltr' id='par_1_5' title="bbox 131 2336 1132 2834">
     <span class='ocr_line' id='line_1_21' title="bbox 131 2336 1127 2428; baseline -0.001 -21"><span class='ocrx_word' id='word_1_152' title='bbox 131 2368 157 2407; x_wconf 78' lang='grc' dir='ltr'><strong><em>ιο</em></strong></span> <span class='ocrx_word' id='word_1_153' title='bbox 170 2339 255 2428; x_wconf 83' lang='grc' dir='ltr'><strong><em>γάρ,</em></strong></span> <span class='ocrx_word' id='word_1_154' title='bbox 273 2336 384 2427; x_wconf 77' lang='grc' dir='ltr'><strong><em>ὥσπερ</em></strong></span> <span class='ocrx_word' id='word_1_155' title='bbox 403 2339 612 2428; x_wconf 84' lang='grc' dir='ltr'><strong><em>παρήγγελτο</em></strong></span> <span class='ocrx_word' id='word_1_156' title='bbox 629 2337 766 2426; x_wconf 84' lang='grc' dir='ltr'><strong><em>αύτοϊς,</em></strong></span> <span class='ocrx_word' id='word_1_157' title='bbox 791 2342 849 2407; x_wconf 78' lang='grc' dir='ltr'><strong><em>ἵνα</em></strong></span> <span class='ocrx_word' id='word_1_158' title='bbox 867 2339 1070 2426; x_wconf 87' lang='grc' dir='ltr'><strong><em>προσέπιπτε</em></strong></span> <span class='ocrx_word' id='word_1_159' title='bbox 1086 2336 1127 2406; x_wconf 86' lang='grc' dir='ltr'><strong><em>τά</em></strong></span> 
     </span>
     <span class='ocr_line' id='line_1_22' title="bbox 169 2438 1129 2529; baseline 0.002 -23"><span class='ocrx_word' id='word_1_160' title='bbox 169 2438 318 2528; x_wconf 80' lang='grc' dir='ltr'><strong><em>ἅρματα·</em></strong></span> <span class='ocrx_word' id='word_1_161' title='bbox 336 2442 394 2510; x_wconf 85' lang='grc' dir='ltr'><strong><em>καὶ</em></strong></span> <span class='ocrx_word' id='word_1_162' title='bbox 407 2441 514 2529; x_wconf 76' lang='grc' dir='ltr'><strong><em>ταύτῃ</em></strong></span> <span class='ocrx_word' id='word_1_163' title='bbox 528 2441 671 2528; x_wconf 89' lang='grc' dir='ltr'><strong><em>μάλιστα</em></strong></span> <span class='ocrx_word' id='word_1_164' title='bbox 684 2441 807 2528; x_wconf 82' lang='grc' dir='ltr'><strong><em>ξυνέβη</em></strong></span> <span class='ocrx_word' id='word_1_165' title='bbox 825 2438 912 2508; x_wconf 88' lang='grc' dir='ltr'><strong><em>αύτά</em></strong></span> <span class='ocrx_word' id='word_1_166' title='bbox 929 2466 964 2508; x_wconf 90' lang='grc' dir='ltr'><strong><em>τε</em></strong></span> <span class='ocrx_word' id='word_1_167' title='bbox 982 2443 1054 2508; x_wconf 78' lang='grc' dir='ltr'><strong><em>σῶα</em></strong></span> <span class='ocrx_word' id='word_1_168' title='bbox 1070 2440 1129 2508; x_wconf 81' lang='grc' dir='ltr'><strong><em>καὶ</em></strong></span> 
     </span>
     <span class='ocr_line' id='line_1_23' title="bbox 170 2537 1132 2630; baseline 0 -20"><span class='ocrx_word' id='word_1_169' title='bbox 170 2537 222 2621; x_wconf 79' lang='grc' dir='ltr'><strong><em>οἷς</em></strong></span> <span class='ocrx_word' id='word_1_170' title='bbox 242 2541 395 2630; x_wconf 79' lang='grc' dir='ltr'><strong><em>ἐπηλάθη</em></strong></span> <span class='ocrx_word' id='word_1_171' title='bbox 415 2539 572 2630; x_wconf 78' lang='grc' dir='ltr'><strong><em>άβλαβάς</em></strong></span> <span class='ocrx_word' id='word_1_172' title='bbox 591 2547 755 2611; x_wconf 82' lang='grc' dir='ltr'><strong><em>διελθεῖν·</em></strong></span> <span class='ocrx_word' id='word_1_173' title='bbox 774 2539 860 2610; x_wconf 83' lang='grc' dir='ltr'><strong><em>ἄλλά</em></strong></span> <span class='ocrx_word' id='word_1_174' title='bbox 877 2541 1080 2610; x_wconf 80' lang='grc' dir='ltr'><strong><em>καὶτούτων</em></strong></span> <span class='ocrx_word' id='word_1_175' title='bbox 1096 2545 1132 2611; x_wconf 76' lang='grc' dir='ltr'><strong><em>οἵ</em></strong></span> 
     </span>
     <span class='ocr_line' id='line_1_24' title="bbox 169 2640 1129 2731; baseline 0 -21"><span class='ocrx_word' id='word_1_176' title='bbox 169 2669 205 2711; x_wconf 90' lang='grc' dir='ltr'><strong><em>τε</em></strong></span> <span class='ocrx_word' id='word_1_177' title='bbox 221 2643 401 2730; x_wconf 77' lang='grc' dir='ltr'><strong><em>ἱπποκόμοι</em></strong></span> <span class='ocrx_word' id='word_1_178' title='bbox 413 2646 472 2729; x_wconf 85' lang='grc' dir='ltr'><strong><em>τής</em></strong></span> <span class='ocrx_word' id='word_1_179' title='bbox 486 2641 707 2729; x_wconf 86' lang='grc' dir='ltr'><strong><em>Ἀλεξάνδρου</em></strong></span> <span class='ocrx_word' id='word_1_180' title='bbox 722 2646 878 2731; x_wconf 86' lang='grc' dir='ltr'><strong><em>στρατιάς</em></strong></span> <span class='ocrx_word' id='word_1_181' title='bbox 893 2643 950 2710; x_wconf 81' lang='grc' dir='ltr'><strong><em>καὶ</em></strong></span> <span class='ocrx_word' id='word_1_182' title='bbox 965 2647 1001 2710; x_wconf 82' lang='grc' dir='ltr'><strong><em>οί</em></strong></span> <span class='ocrx_word' id='word_1_183' title='bbox 1014 2640 1129 2710; x_wconf 87' lang='grc' dir='ltr'><strong><em>ύπασ·</em></strong></span> 
     </span>
     <span class='ocr_line' id='line_1_25' title="bbox 170 2743 734 2834; baseline -0.002 -21"><span class='ocrx_word' id='word_1_184' title='bbox 170 2745 285 2813; x_wconf 82' lang='grc' dir='ltr'><strong><em>πισταὶ</em></strong></span> <span class='ocrx_word' id='word_1_185' title='bbox 303 2748 340 2811; x_wconf 85' lang='grc' dir='ltr'><strong><em>ολ</em></strong></span> <span class='ocrx_word' id='word_1_186' title='bbox 353 2744 518 2831; x_wconf 84' lang='grc' dir='ltr'><strong><em>βασιλικοὶ</em></strong></span> <span class='ocrx_word' id='word_1_187' title='bbox 538 2743 734 2834; x_wconf 89' lang='grc' dir='ltr'><strong><em>ἐκράτησαν.</em></strong></span> 
     </span>
    </p>
   </div>
   <div class='ocr_carea' id='block_1_3' title="bbox 131 2843 1176 2934">
    <p class='ocr_par' dir='ltr' id='par_1_6' title="bbox 131 2843 1176 2934">
     <span class='ocr_line' id='line_1_26' title="bbox 131 2843 1176 2934; baseline 0.005 -22"><span class='ocrx_word' id='word_1_188' title='bbox 131 2872 157 2912; x_wconf 84' lang='grc' dir='ltr'><strong><em>ιε</em></strong></span> <span class='ocrx_word' id='word_1_189' title='bbox 243 2843 299 2924; x_wconf 80' lang='grc' dir='ltr'><strong><em>Ὡς</em></strong></span> <span class='ocrx_word' id='word_1_190' title='bbox 318 2843 356 2912; x_wconf 75' lang='grc' dir='ltr'><strong><em>δὲ</em></strong></span> <span class='ocrx_word' id='word_1_191' title='bbox 370 2855 517 2933; x_wconf 83' lang='grc' dir='ltr'><strong><em>Δαρεῖος</em></strong></span> <span class='ocrx_word' id='word_1_192' title='bbox 536 2848 658 2932; x_wconf 80' lang='grc' dir='ltr'><strong><em>ἐπῆγεν</em></strong></span> <span class='ocrx_word' id='word_1_193' title='bbox 671 2843 734 2934; x_wconf 86' lang='grc' dir='ltr'><strong><em>ήδη</em></strong></span> <span class='ocrx_word' id='word_1_194' title='bbox 752 2844 813 2933; x_wconf 83' lang='grc' dir='ltr'><strong><em>τήν</em></strong></span> <span class='ocrx_word' id='word_1_195' title='bbox 826 2845 986 2933; x_wconf 85' lang='grc' dir='ltr'><strong><em>φάλαγγα</em></strong></span> <span class='ocrx_word' id='word_1_196' title='bbox 1004 2847 1128 2932; x_wconf 84' lang='grc' dir='ltr'><strong><em>πᾶσαν,</em></strong></span> <span class='ocrx_word' id='word_1_197' title='bbox 1142 2851 1176 2917; x_wconf 77' lang='grc'><strong><em>14</em></strong></span> 
     </span>
    </p>
   </div>
   <div class='ocr_carea' id='block_1_4' title="bbox 169 2944 1165 3339">
    <p class='ocr_par' dir='ltr' id='par_1_7' title="bbox 169 2944 1165 3339">
     <span class='ocr_line' id='line_1_27' title="bbox 171 2944 1129 3034; baseline -0.003 -18"><span class='ocrx_word' id='word_1_198' title='bbox 171 2949 322 3016; x_wconf 79' lang='grc' dir='ltr'><strong><em>ἐνταῦθα</em></strong></span> <span class='ocrx_word' id='word_1_199' title='bbox 336 2944 554 3033; x_wconf 75' lang='grc' dir='ltr'><strong><em>Ἀλέξανδρος</em></strong></span> <span class='ocrx_word' id='word_1_200' title='bbox 574 2945 712 3034; x_wconf 85' lang='grc' dir='ltr'><strong><em>Ἀρέτην</em></strong></span> <span class='ocrx_word' id='word_1_201' title='bbox 735 2945 798 3034; x_wconf 81' lang='grc' dir='ltr'><strong><em>μέν</em></strong></span> <span class='ocrx_word' id='word_1_202' title='bbox 820 2946 949 3016; x_wconf 88' lang='grc' dir='ltr'><strong><em>κελεύει</em></strong></span> <span class='ocrx_word' id='word_1_203' title='bbox 973 2949 1129 3034; x_wconf 79' lang='grc' dir='ltr'><strong><em>ἐμβαλεῖν</em></strong></span> 
     </span>
     <span class='ocr_line' id='line_1_28' title="bbox 169 3045 1130 3138; baseline -0.001 -23"><span class='ocrx_word' id='word_1_204' title='bbox 169 3062 241 3127; x_wconf 80' lang='grc' dir='ltr'><strong><em>τοῖς</em></strong></span> <span class='ocrx_word' id='word_1_205' title='bbox 265 3047 523 3136; x_wconf 76' lang='grc' dir='ltr'><strong><em>περιϊππεύουσι</em></strong></span> <span class='ocrx_word' id='word_1_206' title='bbox 544 3046 582 3115; x_wconf 84' lang='grc' dir='ltr'><strong><em>τό</em></strong></span> <span class='ocrx_word' id='word_1_207' title='bbox 607 3049 708 3138; x_wconf 82' lang='grc' dir='ltr'><strong><em>κέρας</em></strong></span> <span class='ocrx_word' id='word_1_208' title='bbox 732 3049 830 3135; x_wconf 78' lang='grc' dir='ltr'><strong><em>σφῶν</em></strong></span> <span class='ocrx_word' id='word_1_209' title='bbox 846 3047 885 3116; x_wconf 85' lang='grc' dir='ltr'><strong><em>τό</em></strong></span> <span class='ocrx_word' id='word_1_210' title='bbox 904 3048 1012 3129; x_wconf 85' lang='grc' dir='ltr'><strong><em>δεξιὸν</em></strong></span> <span class='ocrx_word' id='word_1_211' title='bbox 1031 3045 1076 3125; x_wconf 73' lang='grc' dir='ltr'><strong><em>ολς</em></strong></span> <span class='ocrx_word' id='word_1_212' title='bbox 1095 3049 1130 3125; x_wconf 84' lang='grc' dir='ltr'><strong><em>ἐς</em></strong></span> 
     </span>
     <span class='ocr_line' id='line_1_29' title="bbox 170 3142 1126 3236; baseline -0.002 -20"><span class='ocrx_word' id='word_1_213' title='bbox 170 3142 356 3218; x_wconf 85' lang='grc' dir='ltr'><strong><em>κύκλωσιν·</em></strong></span> <span class='ocrx_word' id='word_1_214' title='bbox 396 3147 500 3228; x_wconf 85' lang='grc' dir='ltr'><strong><em>αύτδς</em></strong></span> <span class='ocrx_word' id='word_1_215' title='bbox 518 3148 557 3218; x_wconf 79' lang='grc' dir='ltr'><strong><em>δέ</em></strong></span> <span class='ocrx_word' id='word_1_216' title='bbox 573 3149 657 3229; x_wconf 89' lang='grc' dir='ltr'><strong><em>τέως</em></strong></span> <span class='ocrx_word' id='word_1_217' title='bbox 674 3148 737 3236; x_wconf 73' lang='grc' dir='ltr'><strong><em>μὲν</em></strong></span> <span class='ocrx_word' id='word_1_218' title='bbox 757 3151 812 3218; x_wconf 82' lang='grc' dir='ltr'><strong><em>ἐπὶ</em></strong></span> <span class='ocrx_word' id='word_1_219' title='bbox 830 3150 936 3236; x_wconf 83' lang='grc' dir='ltr'><strong><em>κέρως</em></strong></span> <span class='ocrx_word' id='word_1_220' title='bbox 953 3146 1033 3226; x_wconf 82' lang='grc' dir='ltr'><strong><em>τούς</em></strong></span> <span class='ocrx_word' id='word_1_221' title='bbox 1047 3145 1126 3233; x_wconf 81' lang='grc' dir='ltr'><strong><em>ἄμφ’</em></strong></span> 
     </span>
     <span class='ocr_line' id='line_1_30' title="bbox 170 3241 1165 3339; baseline -0.004 -21"><span class='ocrx_word' id='word_1_222' title='bbox 170 3249 278 3320; x_wconf 87' lang='grc' dir='ltr'><strong><em>αύτὸυ</em></strong></span> <span class='ocrx_word' id='word_1_223' title='bbox 291 3241 367 3337; x_wconf 89' lang='grc' dir='ltr'><strong><em>ήγε·</em></strong></span> <span class='ocrx_word' id='word_1_224' title='bbox 385 3252 454 3318; x_wconf 80' lang='grc' dir='ltr'><strong><em>τῶν</em></strong></span> <span class='ocrx_word' id='word_1_225' title='bbox 467 3249 506 3320; x_wconf 68' lang='grc' dir='ltr'><strong><em>δὲ</em></strong></span> <span class='ocrx_word' id='word_1_226' title='bbox 521 3246 801 3339; x_wconf 83' lang='grc' dir='ltr'><strong><em>ἐκβοηθησάντων</em></strong></span> <span class='ocrx_word' id='word_1_227' title='bbox 817 3253 947 3319; x_wconf 77' lang='grc' dir='ltr'><strong><em>ἱππέων</em></strong></span> <span class='ocrx_word' id='word_1_228' title='bbox 959 3263 1030 3327; x_wconf 79' lang='grc' dir='ltr'><strong><em>τοῖς</em></strong></span> <span class='ocrx_word' id='word_1_229' title='bbox 1043 3273 1127 3316; x_wconf 87' lang='grc' dir='ltr'><strong><em>κυκ-</em></strong></span> <span class='ocrx_word' id='word_1_230' title='bbox 1146 3257 1165 3307; x_wconf 66' lang='grc' dir='ltr'><strong><em>θ</em></strong></span> 
     </span>
    </p>
   </div>
   <div class='ocr_carea' id='block_1_5' title="bbox 8 3350 1129 3441">
    <p class='ocr_par' dir='ltr' id='par_1_8' title="bbox 8 3350 1129 3441">
     <span class='ocr_line' id='line_1_31' title="bbox 8 3350 1129 3441; baseline -0.002 -24"><span class='ocrx_word' id='word_1_231' title='bbox 8 3433 9 3436; x_wconf 9' lang='lat'>¹</span> <span class='ocrx_word' id='word_1_232' title='bbox 132 3375 157 3418; x_wconf 85' lang='grc' dir='ltr'><strong><em>ιο</em></strong></span> <span class='ocrx_word' id='word_1_233' title='bbox 171 3352 347 3439; x_wconf 89' lang='grc' dir='ltr'><strong><em>λουμένοις</em></strong></span> <span class='ocrx_word' id='word_1_234' title='bbox 360 3350 399 3419; x_wconf 86' lang='grc' dir='ltr'><strong><em>τό</em></strong></span> <span class='ocrx_word' id='word_1_235' title='bbox 417 3353 518 3440; x_wconf 82' lang='grc' dir='ltr'><strong><em>κέρας</em></strong></span> <span class='ocrx_word' id='word_1_236' title='bbox 534 3352 573 3420; x_wconf 89' lang='grc' dir='ltr'>τό</span> <span class='ocrx_word' id='word_1_237' title='bbox 593 3351 703 3432; x_wconf 87' lang='grc' dir='ltr'><strong><em>δεξιόν</em></strong></span> <span class='ocrx_word' id='word_1_238' title='bbox 719 3350 1005 3441; x_wconf 82' lang='grc' dir='ltr'><strong><em>παραρρηξάντων</em></strong></span> <span class='ocrx_word' id='word_1_239' title='bbox 1022 3374 1054 3416; x_wconf 89' lang='grc' dir='ltr'><strong><em>τι</em></strong></span> <span class='ocrx_word' id='word_1_240' title='bbox 1069 3351 1129 3432; x_wconf 82' lang='grc' dir='ltr'><strong><em>τῆς</em></strong></span> 
     </span>
    </p>
   </div>
   <div class='ocr_carea' id='block_1_6' title="bbox 169 3447 1129 3644">
    <p class='ocr_par' dir='ltr' id='par_1_9' title="bbox 169 3447 1129 3644">
     <span class='ocr_line' id='line_1_32' title="bbox 171 3447 1128 3541; baseline -0.025 -3"><span class='ocrx_word' id='word_1_241' title='bbox 171 3453 306 3540; x_wconf 59' lang='grc' dir='ltr'><strong><em>πρώτης</em></strong></span> <span class='ocrx_word' id='word_1_242' title='bbox 330 3451 506 3539; x_wconf 65' lang='grc' dir='ltr'><strong><em>φάλαγγος</em></strong></span> <span class='ocrx_word' id='word_1_243' title='bbox 523 3457 593 3521; x_wconf 75' lang='grc' dir='ltr'><strong><em>τόν</em></strong></span> <span class='ocrx_word' id='word_1_244' title='bbox 610 3453 793 3541; x_wconf 87' lang='grc' dir='ltr'><strong><em>βαρβάρων</em></strong></span> <span class='ocrx_word' id='word_1_245' title='bbox 821 3451 1021 3540; x_wconf 81' lang='grc' dir='ltr'><strong><em>ἐπιστρέψας</em></strong></span> <span class='ocrx_word' id='word_1_246' title='bbox 1044 3447 1128 3515; x_wconf 88' lang='grc' dir='ltr'><strong><em>κατά</em></strong></span> 
     </span>
     <span class='ocr_line' id='line_1_33' title="bbox 169 3551 1129 3644; baseline -0.004 -23"><span class='ocrx_word' id='word_1_247' title='bbox 169 3553 208 3622; x_wconf 90' lang='grc' dir='ltr'><strong><em>τδ</em></strong></span> <span class='ocrx_word' id='word_1_248' title='bbox 227 3556 340 3640; x_wconf 80' lang='grc' dir='ltr'><strong><em>διέχον</em></strong></span> <span class='ocrx_word' id='word_1_249' title='bbox 357 3554 414 3622; x_wconf 83' lang='grc' dir='ltr'><strong><em>καὶ</em></strong></span> <span class='ocrx_word' id='word_1_250' title='bbox 434 3551 544 3644; x_wconf 74' lang='grc' dir='ltr'><strong><em>ὥσπερ</em></strong></span> <span class='ocrx_word' id='word_1_251' title='bbox 565 3561 708 3644; x_wconf 81' lang='grc' dir='ltr'><strong><em>ἔμβολον</em></strong></span> <span class='ocrx_word' id='word_1_252' title='bbox 726 3553 864 3642; x_wconf 82' lang='grc' dir='ltr'><strong><em>ποιήσας</em></strong></span> <span class='ocrx_word' id='word_1_253' title='bbox 886 3554 945 3639; x_wconf 78' lang='grc' dir='ltr'><strong><em>τῆς</em></strong></span> <span class='ocrx_word' id='word_1_254' title='bbox 969 3577 1005 3619; x_wconf 86' lang='grc' dir='ltr'><strong><em>τε</em></strong></span> <span class='ocrx_word' id='word_1_255' title='bbox 1021 3553 1129 3618; x_wconf 79' lang='grc' dir='ltr'><strong><em>ἵππου</em></strong></span> 
     </span>
    </p>
   </div>
   <div class='ocr_carea' id='block_1_7' title="bbox 0 0 1349 3946">
    <p class='ocr_par' dir='ltr' id='par_1_10' title="bbox 0 0 1349 3946">
     <span class='ocr_line' id='line_1_34' title="bbox 0 0 1349 3946; baseline 0 0"><span class='ocrx_word' id='word_1_256' title='bbox 0 0 1349 3946; x_wconf 95' lang='lat' dir='ltr'><strong><em> </em></strong></span> 
     </span>
    </p>
   </div>
  </div>
 </body>
</html>
