2678 3950
211 203 274 266 216
571 201 821 260 ΑΔΕΞΑΝΔΡΟΤ

202 358 365 440 Ἀτταλος
383 361 440 428 καὶ
460 367 607 448 Γοργίας
627 359 689 440 ξύν
706 373 777 438 τοῖς
795 357 1014 446 μισθοφόροις
1036 361 1177 428 ἱππεῦσί

213 489 248 531 τε
266 463 323 530 καὶ
346 469 456 544 πεζοῖς
478 461 666 547 ἐτετάχατο·
692 461 748 528 καὶ
763 459 894 539 τούτοις
906 465 1093 547 διαβαίνειν
1107 487 1172 528 πα-

214 563 413 651 ρηγγέλλετο
423 563 506 631 κατὰ
515 563 629 650 μέρος,
643 561 814 641 διελόντας
827 559 888 628 τόν
903 559 1060 650 στρατόν,
1074 559 1173 630 ὁπότε

214 663 457 752 ξυνεχομένους
483 661 548 750 ἤδη
576 665 612 730 έν
637 667 680 752 τῇ
706 659 796 751 μάχη
819 661 898 742 τούς
912 659 1042 741 Ἰνδούς
1062 667 1170 730 λ’δοιεν.

291 763 405 844 Αύτός
443 762 482 832 δέ
521 762 751 852 ἐπιλεξάμενος
789 768 858 832 τῶν
890 789 927 832 τε
961 764 1104 852 ἑταίρων
1133 763 1196 831 τδι

178 864 326 954 εάγημα
358 867 415 933 καὶ
446 867 507 952 τὴν
540 864 782 952 Ἡφαιστίωνος
817 869 1002 952 ἱππαρχίαν
1027 867 1085 934 καλ
1110 863 1171 952 τήν

215 973 410 1055 Περδίκκου
437 992 473 1034 τε
490 967 547 1035 καὶ
566 975 763 1058 Δημητρίου
781 967 838 1034 καὶ
855 963 937 1044 τούς
957 968 994 1034 ἐκ
1012 965 1173 1053 Βάκτρων

213 1071 271 1136 καὶ
299 1071 501 1154 Σογδιανῶν
527 1070 584 1137 καὶ
602 1069 682 1148 τούς
702 1066 844 1146 Σκύθας
859 1065 984 1146 ἱππέας
1003 1067 1058 1134 καὶ
1078 1066 1173 1146 Δάας

213 1167 292 1249 τούς
313 1168 531 1250 ἱπποτοξότας
545 1171 601 1238 καὶ
618 1175 676 1257 τῆς
691 1169 863 1256 φάλαγγος
879 1166 959 1246 τούς
972 1194 1009 1236 τε
1021 1167 1173 1237 ύπασπι-

214 1269 294 1350 στέις
327 1272 383 1339 καὶ
415 1269 477 1358 τὴν
505 1278 650 1340 Κλείτου
676 1296 713 1338 τε
747 1271 803 1338 καὶ
829 1275 959 1338 Κοίνου
985 1269 1088 1350 Ιτάξιν
1114 1271 1170 1338 καλ
1187 1291 1213 1332 ω

213 1371 293 1451 τοὺς
318 1371 454 1453 τοξότας
480 1373 590 1441 τεκαὶ
607 1369 897 1460 τούςἏγριόινας,
923 1359 1004 1456 ἦγεν
1023 1369 1172 1457 ἀφανῶς,

214 1471 303 1540 πολύ
336 1498 367 1540 τι
398 1471 532 1558 άπέχων
564 1476 622 1560 τῆς
656 1471 778 1560 ὄχθης,
812 1473 872 1540 τοῦ
906 1470 951 1558 μή
977 1469 1172 1558 καταφανὴς

214 1571 301 1642 εἶναι
332 1571 425 1659 άγων
457 1574 512 1641 ἐπὶ
544 1573 606 1660 τὴν
631 1577 737 1660 νῆσον
763 1575 820 1642 καὶ
847 1570 908 1658 τὴν
935 1571 1044 1662 άκραν
1071 1578 1172 1643 ἐνθεν

215 1679 401 1762 διαβαίνειν
440 1673 533 1766 αύτῷ
572 1667 616 1761 ἦν
651 1675 871 1762 ἐγνωσμένον.
932 1675 990 1742 καλ
1025 1677 1174 1744 ἐνταῦθα

180 1776 425 1862 3ἐπληρούντο
450 1779 510 1860 τῆς
541 1775 664 1856 νυκτός
698 1779 736 1844 αλ
766 1774 925 1861 διφθέραι
950 1780 1008 1862 τῆς
1041 1775 1211 1864 κάρφηςιι

215 1879 252 1945 έκ
278 1880 407 1944 πολλού
433 1872 496 1963 ἤδη
523 1877 814 1966 παρενηνεγμένης
832 1877 888 1944 καὶ
907 1877 1174 1966 κατερράπτοντο

216 1980 249 2057 ές
263 1974 449 2065 άκρίβειαν·
467 1974 562 2067 ὕδωρ
575 2004 612 2048 τε
625 1980 658 2060 ἐξ
676 1977 825 2065 ούρανοῦ
840 1983 898 2064 τῆς
906 1977 1034 2057 νυκτός
1048 1978 1174 2066 λάβρον

216 2080 405 2163 ἐπιγίνεται.
448 2078 554 2168 ταύτη
581 2079 638 2147 καὶ
664 2077 794 2166 μᾶλλόν
813 2104 843 2146 τι
868 2076 889 2164 ἡ
917 2079 1113 2166 παρασκευή
1139 2104 1175 2147 τε

214 2175 307 2271 αύτῷ
320 2177 411 2264 καὶὴ
431 2181 628 2268 ἐπιχείρησις
645 2179 666 2268 ἡ
686 2183 719 2260 ἐς
736 2177 798 2266 την
816 2176 971 2267 διάβασιν
988 2178 1029 2248 ού
1042 2178 1172 2268 φανερά

215 2281 354 2368 κατέστη
386 2283 433 2370 τῷ
459 2281 577 2375 κτύπφ
610 2285 657 2372 τῷ
690 2279 756 2350 άπδ
789 2285 858 2348 τῶν
890 2276 1005 2349 ὅπλων
1037 2282 1093 2350 καὶ
1126 2285 1174 2372 τῷ
1188 2304 1214 2344 ιο

214 2381 355 2473 θορύβῳ
381 2385 429 2472 τῷ
457 2380 520 2450 ἀπὸ
539 2387 608 2451 τῶν
626 2381 913 2472 παραγγελμάτων
931 2383 1054 2450 τόντε
1071 2390 1177 2470 βρον-

215 2489 284 2551 τῶν
310 2484 368 2551 καὶ
393 2488 456 2550 τού
483 2481 612 2573 όμβρου
640 2483 970 2570 ἀντιπαταγούντων.
1023 2484 1080 2551 καὶ
1106 2487 1175 2551 τῶν

182 2597 198 2646 ε
217 2591 345 2654 πλοίων
372 2583 410 2652 δέ
430 2582 470 2652 τά
489 2585 596 2654 πολλὰ
613 2582 708 2677 αὐτῷ
727 2584 975 2672 ξυντετμημένα
992 2583 1176 2671 παρεκεκό-

215 2705 311 2773 μιστο
339 2687 372 2764 ές
393 2685 453 2753 τόν
471 2688 582 2774 χῶρον
599 2689 721 2755 τούτου
739 2685 795 2754 καὶ
816 2683 956 2772 άφανῶς
974 2677 1072 2766 αὖθις
1090 2688 1175 2772 ξυμ·

216 2787 412 2874 πεπηγμένα
440 2789 476 2854 ἐν
502 2792 545 2876 τῇ
571 2786 637 2874 ὕλη
666 2787 860 2876 ἐκρύπτετο,
886 2785 928 2854 τά
953 2812 989 2856 τε
1007 2783 1100 2854 Ιόῖλλα
1118 2787 1215 2854 naha

217 2891 256 2956 αλ
277 2886 514 2975 τριακόντοροι.
553 2885 622 2956 ὑπὸ
649 2888 687 2956 δέ
711 2889 775 2976 τὴν
801 2889 844 2956 ἕω
871 2884 891 2954 ό
916 2912 952 2956 τε
977 2885 1098 2975 ἄνεμος
1120 2889 1177 2956 καὶ

217 2987 235 3058 ὁ
263 2987 386 3076 όμβρος
403 2996 587 3077 κεκοίμητο.
615 2991 674 3060 καὶ
700 2989 720 3078 ἡ
744 2989 807 3076 μὲν
825 2987 908 3076 άλλη
928 2987 1064 3078 στρατιά
1083 2986 1177 3081 αύτῶ

215 3088 236 3179 ἡ
272 3088 388 3177 ἱππικὴ
421 3096 489 3159 τῶν
524 3093 697 3179 διφθερῶν
730 3093 873 3179 ἐπιβᾶσα
898 3091 956 3158 καὶ
982 3087 1082 3170 ὅσους
1107 3094 1177 3158 τῶν

217 3197 324 3276 πεζῶν
350 3193 390 3260 τὰ
417 3201 518 3261 πλοῖα
539 3193 667 3278 ἐδέχετο
693 3195 795 3282 έπέρα
812 3189 895 3260 κατὰ
912 3188 975 3277 τὴν
992 3193 1108 3281 νόησον,
1132 3188 1177 3270 ῶς

217 3293 275 3383 μὴ’
295 3291 446 3382 πρόσθεν
478 3293 617 3379 ὀφθεῖεν
651 3293 736 3383 πρδς
768 3297 836 3361 τῶν
869 3293 1005 3360 σκοπῶν
1037 3297 1106 3360 τῶν
1141 3294 1177 3360 ἐκ
1192 3319 1217 3361 ιι

217 3393 344 3486 Πῶρον
382 3394 638 3482 καθεστηκότων
677 3395 759 3484 πρὶν
799 3389 1077 3480 παραλλάξαντας
1115 3393 1178 3482 τὴν

216 3502 322 3584 νῆσον
348 3493 464 3581 ὀλίγον
492 3501 538 3564 ἔτι
563 3492 700 3582 άπέχειυ
725 3499 782 3584 τῆς
809 3492 921 3582 ὄχθης.
