2678 3950
482 233 665 284 εαεεεειε
684 235 712 295 ε,
731 235 756 285 ε.
773 237 798 285 ε.
1055 230 1119 296 203

163 399 263 470 λους·
297 387 357 457 τὸν
391 386 429 458 δέ
461 392 567 458 παῖδα
594 385 661 477 ἀρα
685 391 748 457 τοῦ
771 386 950 476 Ἀκούφιος
976 389 1033 459 καὶ
1060 395 1119 477 τῆς

161 487 335 577 θυγατρός
367 488 428 559 τόν
461 494 567 559 παῖδα
600 490 795 578 ξυμπέμψαι
828 489 921 582 αὐτῷ
940 489 1118 579 Ἀκουφιν.

236 589 458 677 Ἀλέξανδρον
484 589 523 660 δλ
547 590 655 672 πόθος
682 595 801 679 ἐλαβεν
821 594 907 660 ἰδεῖν
928 591 990 661 τόν
1008 595 1119 680 γῦρον
1136 604 1153 654 σ

138 685 142 692 ’
164 689 252 762 ὅπου
275 719 350 760 τινα
368 689 594 781 ῦπομνήματα
619 693 681 761 τοῦ
708 691 883 763 Διονάσου
911 697 948 762 οί
971 702 1121 764 Νυσαῖοι

123 820 137 862 ε
165 793 359 882 ἐκόμπαζον.
407 796 521 862 ἐλθεῖν
544 818 580 863 τε
605 794 638 873 ἐς
662 792 701 860 τὸ
728 791 806 882 ὅρος
830 791 891 861 τόν
909 791 1034 881 Μηρόν
1059 793 1120 875 ξῦν

162 909 233 975 τοῖς
259 896 402 984 ἑταίροις
425 909 496 975 τοῖς
524 898 662 963 ίππεῦσι
687 895 743 962 καὶ
768 898 816 985 τῷ
837 897 953 986 πεζικῷ
971 892 1120 982 ἀγήματι

164 997 221 1064 καὶ
240 1000 328 1064 ίδεῑν
344 998 461 1064 κισσοῦ
480 1023 515 1065 τε
532 992 711 1064 ἀνάπλεων
739 998 795 1064 καλ
821 997 953 1083 δάφνης
977 995 1015 1064 τό
1041 993 1120 1082 ὄρος

164 1098 220 1166 καὶ
234 1095 319 1185 άλση
333 1101 477 1186 παντοίᾳ
497 1093 521 1166 ῦ
528 1104 575 1184 λη
597 1095 767 1182 σύσκια,
786 1097 842 1164 καὶ
855 1096 966 1185 θήρας
977 1099 1014 1166 ἐν
1024 1095 1118 1188 αὐτῷ

164 1196 251 1267 εἶναι
275 1203 410 1283 θηρίων
436 1199 673 1266 παντοδαπῶν.
725 1195 781 1264 καλ
807 1196 888 1277 τοῦς
915 1196 1154 1278 Μακεδόναςθ

125 1325 152 1366 ιο
164 1299 271 1384 ἡδέως
296 1298 356 1367 τὸν
388 1297 505 1367 κισσόν
545 1297 699 1383 ίδόντας,
732 1291 789 1366 οία
821 1295 863 1383 δὴ
896 1297 952 1366 διά
988 1303 1119 1385 μακροῦ

163 1399 315 1486 ὀφθέντα
325 1395 382 1486 (οῦ
393 1399 459 1486 γάρ
469 1397 556 1469 εἶναι
565 1399 602 1468 έν
611 1397 779 1488 τῇἸνδῷυ
789 1397 882 1487 χώρᾳ
891 1397 1023 1486 κισσόν,
1037 1398 1120 1468 οῦδὲ

165 1506 286 1587 ἵναπερ
320 1497 439 1580 αὐτοῖς
465 1497 605 1588 άμπελοι
629 1491 731 1588 ἦσαν)
766 1497 957 1587 στεφάνους
984 1502 1122 1588 σπουδῇ

164 1596 226 1668 ἀπ’
242 1599 351 1669 αὐτοῦ
370 1599 573 1689 ποιήσασθαι
589 1601 646 1669 καὶ
666 1599 947 1687 στεφανώσασθαι
965 1599 1012 1680 οἱς
1029 1599 1121 1687 εἶχον

167 1705 405 1791 ἐφυμνοῦντας
431 1700 493 1770 τόν
514 1701 689 1773 Διόνυσόν
713 1702 824 1770 τεκαὶ
844 1702 904 1782 τάς
925 1704 1119 1788 ἐπωνυμίας

127 1808 228 1872 ωτοῦ
260 1808 346 1872 θεοῦ
377 1800 650 1882 ἀνακαλοῦντας.
703 1803 808 1870 θῦσαι
833 1829 869 1872 τε
894 1799 1003 1871 αῦτοῦ
1025 1800 1120 1872 Ἀλέ-

166 1906 311 1990 ξανδρον
337 1907 382 1996 τῷ
412 1904 572 1996 Διονόσφ
596 1904 655 1971 καὶ
682 1900 897 1991 εὐωχηθῆναι
929 1902 1015 1990 ὁμοῦ
1050 1917 1122 1983 τοῖς

168 2007 318 2092 ἑταίροις.
359 2007 396 2073 οί
412 2003 451 2074 δέ
464 2007 521 2073 καὶ
535 2004 616 2073 τάδε
629 2002 840 2092 ἀνέγραψαν,
860 2010 892 2074 εί
905 2004 947 2092 δή
960 2031 1008 2097 τῷ
1021 2003 1121 2072 πιστά
1140 2014 1155 2064 7

165 2107 223 2174 καὶ
236 2111 357 2192 ταῦτα,
370 2106 520 2186 πολλοῦς
533 2107 603 2174 τῷν
616 2103 703 2193 ἀμφ’
719 2103 826 2173 αὐτόν
839 2110 908 2173 νῦν
918 2101 983 2174 οῦκ
996 2102 1123 2193 ἠμελη-

166 2209 278 2294 μένων
292 2206 506 2276 Μακεδόνων
521 2209 570 2298 τῷ
584 2233 620 2275 τε
632 2208 736 2297 κισσῷ
753 2206 1051 2293 ἐστεφανωμένους
1064 2208 1121 2274 καὶ

128 2331 154 2374 ει
166 2305 236 2376 άπὸ
250 2309 290 2396 τῇ
305 2307 503 2394 κατακλήσει
514 2310 576 2376 τοῦ
594 2311 681 2376 θεοῦ
704 2312 959 2394 κατασχεθῆναί
978 2333 1014 2376 τε
1036 2305 1121 2394 πρός

166 2411 228 2476 τοῦ
244 2408 419 2478 Λιονόσου
433 2411 490 2477 καὶ
504 2406 670 2478 ἀνευάσαι
683 2406 744 2476 τόν
761 2408 847 2477 θεὸν
860 2408 916 2476 καὶ
927 2411 1120 2496 βακχεῦσαι.

244 2510 312 2578 Καὶ
329 2513 436 2578 ταῦτα
451 2506 542 2588 ὅπως
554 2535 602 2588 τις
619 2508 727 2578 ἐθέλει
739 2505 927 2595 ὑπολαβὸν
942 2505 1121 2577 ἀπιστείτω
1137 2515 1158 2580 3

167 2605 392 2696 ἢπιστευέτω.
433 2607 474 2678 οῦ
496 2608 563 2697 γάρ
577 2614 683 2696 ἐγωγε
692 2609 925 2696 Ἐρατοσθένει
937 2613 985 2700 τῷ
1004 2617 1122 2698 Κυρη-

167 2717 254 2802 ναίςο
272 2710 382 2798 πάντη
408 2711 629 2800 ξυμφέρομαι,
654 2707 692 2790 ὃς
719 2712 807 2797 λέγει
821 2710 931 2779 πάντα
949 2708 1012 2779 ὅσα
1032 2711 1065 2791 ές
1083 2710 1121 2779 τὸ

128 2835 155 2877 ω
168 2822 265 2880 θείου
291 2809 494 2899 ἀναφέρεται
521 2813 557 2880 ἐκ
584 2811 797 2882 Μακεδόνων
823 2813 908 2901 πρὸς
935 2811 1034 2900 χάριν
1060 2809 1123 2897 τὴν

164 2909 386 3000 Ἀλεξάνδρου
414 2915 447 2993 ἐς
472 2910 509 2982 τό
536 2911 728 3001 ὑπέρογκον
747 2915 1019 3000 ἐπιφημισθῆναι.
1065 2913 1155 2982 καλε

168 3013 233 3101 γάρ
251 3015 309 3082 καλ
327 3013 492 3101 σπη’λαιον
509 3014 597 3099 λέγει
616 3013 752 3093 ίδόντας
770 3016 806 3082 έν
820 3013 1122 3102 Παραπαμισάδαις

166 3112 247 3194 τοῦς
268 3113 472 3193 Μακεδόνας
497 3121 557 3182 καί
579 3141 654 3183 τινα
678 3119 795 3200 μῦθον
822 3113 998 3203 ἐπεγείρων
1015 3111 1123 3184 ἄκου’-

169 3235 293 3294 σαυτας
319 3209 340 3301 ἢ
366 3216 423 3283 καί
441 3212 567 3295 αότοῦς
593 3215 780 3295 ξυνθέντας
798 3222 941 3303 φημίσαι
956 3211 1006 3284 ότι
1022 3221 1123 3284 τοῦτο

128 3336 155 3379 ιο
168 3313 234 3402 ἀρα
250 3307 293 3401 ἦν
309 3317 369 3385 τοῦ
389 3315 597 3403 Προμηθέως
614 3313 652 3385 τό
670 3313 805 3407 άντρον,
830 3321 888 3385 ίνα
906 3316 1048 3404 ἐδέδετο,
1065 3317 1123 3385 καλ

168 3408 185 3482 ό
204 3415 299 3497 ἀετὸς
313 3413 363 3484 ὅτι
377 3419 484 3486 ἐκεῖσε
499 3418 616 3504 ἐφοίτα
630 3416 826 3505 δαισόμενος
838 3420 907 3485 τῦν
921 3417 1124 3503 σπλάγχνων

167 3520 229 3584 τοῦ
247 3519 467 3606 Προμηθέως,
493 3517 550 3585 καὶ
576 3516 773 3607 ὁἩρακλῆς
798 3516 850 3588 ότι
877 3521 984 3587 ἐκεῖσε
1001 3515 1123 3605 ἀφικό-
