2678 3950
490 231 672 282 ΑΝΑΒΑΣΙΣ
690 235 721 296 ι,
739 233 781 285 νο.
1055 231 1113 292 191

152 385 218 475 γάρ
245 385 424 474 ἐσομένην,
454 386 499 474 μή
530 385 574 456 δι’
602 385 719 474 όλίγου
742 391 775 468 ές
800 386 862 475 τήν
886 387 986 457 πόλιν
1010 412 1114 456 κατα-

153 485 712 577 φυγόντεςεὐμαρῶςδιασῶζοιυτο,
720 487 764 569 ῶς
776 490 953 569 ἐκθέοντας
962 485 1115 568 εἶδετοάς

153 587 360 678 βαρβάρους,
381 590 693 678 μεταβαλλομένους
710 590 838 660 κελεύει
857 589 937 670 τοδς
953 587 1113 660 Μακεδό-

154 718 215 770 νας
234 688 342 758 ὀπίσω
360 688 550 780 ἀποχωρεῖν
569 690 614 771 ῶς
632 690 717 780 πρός
738 691 890 779 γήλοφόν
913 717 1004 778 τινα,
1031 687 1116 758 ἀπέ-

126 815 255 880 σχοντα
271 789 338 859 άπδ
354 793 415 860 τοῦ
433 798 559 881 χωρίου
582 797 701 882 λ’ναπερ
718 793 992 882 στρατοπεδεύειν
1006 789 1110 878 ἐγνῶ-

153 920 202 962 κει
229 891 312 962 ἑπτά
341 917 408 963 που
434 892 577 982 μάλιστα
604 898 772 974 σταδίους.
823 895 881 962 καὶ
908 895 944 962 οί
967 892 1147 981 πολέμιοισ

154 992 462 1084 ἀναθαρσήσαντες,
491 992 535 1074 ῶς
559 994 797 1081 ἐγκεκλικότων
818 993 883 1082 ήδη
909 997 978 1062 τῶν
996 1002 1114 1064 Μακε-

155 1094 280 1182 δόνων,
307 1094 422 1190 δρόμφ
446 1095 562 1164 τεκαὶ
587 1095 649 1176 ξδν
674 1094 792 1165 οὐδενί
816 1096 930 1188 κόσμφ
955 1096 1115 1183 ἐφέροντο

158 1200 191 1278 ἐς
223 1195 358 1276 αότοάς.
411 1193 458 1276 ῶς
486 1195 523 1265 δέ
557 1199 715 1279 ἐξικνεῖτο
747 1192 811 1286 ήδη
844 1196 885 1266 τά
918 1197 1116 1284 τοξεύματα,

115 1323 141 1363 ιο
155 1301 304 1368 ἐνταῦθα
331 1295 550 1387 Ἀλέξανδρος
582 1295 648 1368 ἀπὸ
677 1297 888 1386 ξυνθήματος
916 1299 1115 1387 ἐπιστρέψας

155 1402 188 1479 ές
215 1396 344 1479 αότοδς
369 1398 431 1487 τήν
455 1400 614 1487 φάλαγγα
638 1399 753 1492 δρόμφ
777 1398 950 1487 ἀντεπῆγε.
991 1401 1117 1487 πρῶτοι

155 1499 194 1570 δέ
221 1505 257 1568 οί
273 1506 529 1570 ἱππακοντισταί
549 1527 586 1570 τε
609 1500 703 1594 αὐτῷ
727 1502 784 1570 καὶ
809 1505 846 1570 οί
864 1499 1035 1588 Ἀγριᾶνες
1058 1500 1116 1568 καὶ

156 1606 192 1670 oc
215 1601 343 1682 τοξόται
370 1600 591 1691 ἐκδραμόντες
618 1603 796 1690 ξυνέμιξαν
822 1616 893 1682 τοῖς
918 1599 1115 1690 βαρβάροις·

156 1696 260 1782 αότδς
283 1701 321 1770 δέ
343 1701 405 1790 τήν
429 1703 588 1790 φάλαγγα
607 1706 644 1772 ἐν
667 1703 753 1784 τάξει
776 1695 866 1790 ήγεν.
912 1707 948 1772 oc
962 1701 1000 1771 δὲ
1014 1701 1150 1772 Ἰνδολ4

119 1808 206 1895 τιτῷ
232 1831 267 1872 τε
293 1795 474 1897 παραλόγῳ
509 1805 729 1891 ἐκπλαγέντες
761 1805 818 1872 καὶ
851 1803 921 1892 άμα
954 1806 990 1872 ἐν
1021 1803 1116 1891 χερσὶ

157 1907 380 1994 γεγενημένης
402 1909 461 1993 τῆς
481 1905 588 1996 μάχης
608 1909 821 1992 ἐγκλίναντες
841 1912 986 1993 ἔφευγον
1005 1907 1039 1984 ἐς
1055 1902 1117 1990 τήν

157 2007 264 2075 πόλιν.
301 2009 358 2076 καὶ
376 2005 550 2077 ἀπέθανον
564 2007 626 2096 μὲν
641 2003 760 2075 αὐτῶν
783 2005 872 2095 ἀμφὶ
897 2004 979 2085 τοδς
1002 2010 1116 2074 διακο-

157 2113 271 2196 σίους,
289 2113 326 2176 οί
341 2107 379 2178 δὲ
398 2110 508 2178 λοιποὶ
523 2113 556 2191 ἐς
568 2110 608 2178 τά
621 2117 712 2197 τείχη
726 2113 1018 2196 κατεκλείσθησαν.
1059 2107 1117 2175 καλ

154 2203 373 2299 ἈλεἙανδρος
400 2217 548 2300 προσῆγε
570 2214 616 2302 τῷ
642 2219 741 2298 τείχει
765 2209 827 2298 τήν
850 2209 1027 2297 φάλαγγα,
1059 2209 1117 2277 καὶ

118 2313 318 2380 ιοέντεῦθεν
356 2310 523 2392 τοξεύεται
555 2305 618 2398 μέν
651 2308 717 2379 άπδ
750 2317 812 2381 τοῦ
847 2318 979 2397 τείχους
1012 2311 1046 2388 ἐς
1077 2307 1115 2377 τδ

158 2409 293 2500 σφυρόν
319 2409 360 2479 οὐ
388 2413 548 2498 χαλεπῶς.
603 2410 782 2498 έπαγαγῶν
812 2411 850 2480 δέ
881 2410 940 2490 τάς
966 2408 1150 2498 μηχανάςὸ

157 2517 200 2601 τῇ
231 2510 395 2602 άστεραίηι
432 2514 502 2580 τῶν
538 2511 601 2600 μὲν
631 2517 748 2600 τειχῶν
778 2539 808 2580 τι
837 2505 993 2600 εὐμαρῶς
1024 2511 1117 2580 κατέ-

159 2630 261 2683 σεισε·
293 2613 509 2701 βιαζομένους
544 2612 582 2682 δὲ
612 2612 718 2699 ταάτη
749 2611 830 2692 τοάς
861 2609 1063 2691 Μακεδόνας
1094 2602 1116 2702 ή

159 2714 367 2804 παρέρρηκτο
388 2708 464 2783 ’τοῦ
500 2719 630 2801 τείχους
669 2708 732 2782 οόκ
768 2711 919 2802 ἀτόλμως
956 2717 992 2782 oc
1015 2711 1117 2782 Ἱνδολ
1223 2755 1224 2760 1

119 2838 146 2880 ει
160 2814 347 2904 ήμάνουτο,
374 2811 458 2884 ὥστε
480 2814 587 2902 ταότη
612 2813 675 2903 μέν
697 2819 740 2905 τή
765 2813 872 2904 ήμέρᾳ
896 2813 1118 2884 ἀνεκαλέσατο

159 2918 221 3005 τήν
252 2913 419 3005 στρατιάν.
472 2921 515 3006 τή
549 2915 588 2985 δέ
613 2912 774 3006 ὑστεραίᾳ
799 2918 868 2985 τῶν
894 2942 930 2984 τε
956 2914 1117 2985 Μακεδό-

158 3045 229 3087 νων
253 3017 368 3086 αότῶν
391 3015 413 3106 ἡ
439 3019 609 3106 προσβολή
633 3017 861 3106 καρτερωτέρα
889 3020 1038 3103 ἐγίγνετο
1062 3015 1118 3086 καλ

159 3118 289 3207 πάργυς
315 3117 444 3206 ἐπήχθη
468 3117 600 3200 ξόλινος
625 3135 696 3200 τοῖς
722 3127 880 3207 τείχεσιν,
913 3115 996 3186 ὅθεν
1024 3119 1118 3186 ἐκτο-

159 3219 337 3302 ξεάσαντες
376 3225 412 3289 ολ
447 3217 577 3298 τοξόται
622 3221 680 3288 καὶ
723 3220 804 3308 βέλη
849 3216 916 3287 ἀπό
959 3223 1118 3307 μηχανῶν

120 3347 146 3389 ιο
161 3319 323 3410 ἀφιέμενα
346 3317 553 3394 ἀνέστελλον
571 3322 625 3390 ἐπὶ
650 3319 736 3390 πολδ
764 3319 844 3400 τοδς
865 3315 1002 3402 Ἰνδούς.
1041 3317 1115 3408 ἀλλ’

160 3421 235 3491 οὐδ’
262 3417 307 3501 ῶς
336 3421 520 3512 βιάσασθαι
543 3431 623 3492 είσω
646 3426 707 3490 τοῦ
730 3427 861 3509 τείχους
888 3415 956 3490 οἷοί
980 3447 1014 3490 τε
1043 3419 1118 3506 ἐγέ-

158 3549 268 3592 νοντο.
