2590 3948
428 243 615 297 καλειται
631 247 656 308 τ,
674 248 715 297 ει.
989 243 1048 308 321

89 400 128 470 τδ
154 400 191 470 δὲ
214 399 363 488 Ἰκάριον.
406 399 427 489 ή
454 401 492 470 δέ
519 402 613 490 ἑτέρα
631 407 735 489 νήσας
752 395 887 490 ἀπέχειν
903 401 966 490 μὲν
982 401 1085 472 ἀπάσ

90 507 150 571 τοῦ
177 501 336 588 στόματος
361 505 422 570 τού
450 501 635 590 Εὐφράτου
670 505 802 589 ἐλέγετο
834 502 916 572 ὅσον
941 511 1052 573 πλοῦν

90 602 215 690 ἡμέρας
240 605 297 672 καὶ
314 604 438 683 νυκτὸς
460 602 535 672 κατ’
565 594 669 690 οὖρον
686 604 816 692 θεούση
834 610 905 692 νηΐ·
945 605 1053 686 Τύλος

92 705 130 773 δέ
163 702 252 793 αὐτῇ
284 703 371 773 εἶναι
401 701 521 791 ὄνομα·
561 704 688 792 μεγάλη
715 704 753 773 δὲ
780 703 948 773 εἶναικαὶ
974 705 1053 775 ούτε

66 819 227 895 ετραχετα
251 804 272 891 ή
299 803 406 892 πολλή
433 803 512 874 οὔτε
537 803 685 893 ύλεόδης,
712 802 788 874 ἀλλ’
818 811 873 875 οἵα
899 807 1053 897 καρπούς

90 933 127 976 τε
150 905 297 994 ήμέρους
326 907 479 993 ἐκφέρειν
505 907 564 975 καὶ
589 907 698 974 πάντα
726 904 843 995 εδραλα,

172 1008 277 1076 Ταυτὶ
319 1001 517 1094 ἀπηχεγέλθη
547 1005 757 1099 Ἀλεξάνδρῳ·
792 1007 833 1076 τά
870 1007 934 1096 μέν
968 1008 1086 1098 πρδς7

87 1105 236 1196 Ἀρχίου,
262 1105 299 1187 δς
326 1106 390 1190 ξύν
412 1107 640 1200 τριακοντόρῳ
658 1111 860 1197 ἐκπεμφθεὶς
879 1110 933 1179 έπλ
950 1137 1051 1179 κατα·

92 1212 202 1297 σκοπή
221 1215 282 1277 τοῦ
300 1208 478 1297 παράπλου
496 1215 557 1278 τού
577 1205 623 1290 ὦς
643 1210 697 1278 ἐπὶ
709 1209 941 1300 τούς”Αραβας
958 1213 1054 1299 μέχρι

54 1340 79 1379 ιο
91 1309 155 1397 μὲν
167 1312 225 1397 τής
242 1311 349 1398 νήσου
367 1315 427 1397 τῆς
447 1309 560 1380 Τύλου
573 1303 692 1398 ήλθεν,
707 1309 747 1379 τδ
763 1310 880 1398 πρόσω
892 1311 929 1380 δὲ
942 1311 1053 1380 ούκέτι

92 1417 321 1500 περαιωθῆναι
341 1411 533 1498 ἐτόλμησεν·
565 1409 810 1499 Ἀνδροσθένης
828 1411 867 1480 δὲ
884 1411 948 1493 ξύν
964 1409 1052 1501 άλλη

92 1512 317 1604 τριακοντόρῳ
351 1515 483 1592 σταλεὶς
515 1515 573 1582 καλ
598 1517 656 1599 τῆς
682 1512 889 1600 χερρονήσου
923 1539 956 1580 τι
983 1519 1053 1581 τάν

89 1607 243 1702 Ἀράβων
274 1614 497 1700 παρέπλευσε·
543 1613 739 1702 μακροτάτω
765 1611 803 1682 δέ
833 1619 902 1682 τῶν
932 1615 1053 1701 ἐκπεμ-

93 1714 252 1800 φθέντων
262 1712 502 1801 προύχύρησεν
513 1712 650 1801 Ἱέρωνὸ
662 1707 820 1794 Σολεύςὸ
836 1715 1053 1804 κυβερνήτης,

56 1839 81 1878 ιε
94 1815 209 1903 λαβὼν
241 1817 298 1882 καλ
331 1805 429 1895 οὗτος
455 1813 535 1904 παρ’
560 1815 780 1903 Ἀλεξάνδρου
805 1815 1052 1904 τριακόντορον.
1136 1903 1138 1906 .

92 1907 135 2003 ήν
162 1915 224 2004 μὲν
250 1917 315 2005 γάρ
339 1915 431 2008 αύτῷ
449 1918 738 2004 προστεταγμένον
755 1921 975 2003 περιπλεῦσαι
991 1917 1087 2004 τήνῦ

92 2017 297 2106 χερρόνησον
314 2017 376 2104 τήν
390 2016 542 2106 Ἀράβιτν
560 2028 671 2088 πᾶσαν
691 2024 764 2088 ἔστι
782 2021 837 2087 ἐπὶ
854 2019 915 2088 τόν
927 2017 1054 2088 κόλπον
1108 2079 1113 2090 ,

91 2119 154 2187 τὸν
170 2118 255 2206 πρὸς
268 2117 434 2210 Αίγύπτςε
459 2120 520 2188 τὸν
542 2117 696 2208 Ἀράβιον
721 2120 782 2188 τόν
808 2118 889 2189 καθ’
914 2119 1054 2206 Ἡρώων

93 2221 210 2288 πόλιν·
237 2216 278 2288 ού
297 2221 364 2307 μήν
382 2220 545 2308 ἐτόλμησέ
560 2247 598 2307 γε
614 2221 651 2290 τδ
670 2219 787 2308 πρόσει
805 2223 930 2308 ἐλθεῖν,
948 2229 1055 2289 καίτοι

54 2346 79 2385 ιο
94 2322 151 2389 ἐπὶ
182 2321 270 2389 πολύ
303 2321 544 2409 παραπλεύσας
576 2322 638 2409 τήν
665 2320 817 2408 Ἀράβων
849 2325 931 2407 γῆν·
976 2319 1051 2389 ἀλλ’

92 2420 305 2506 ἀναστρέψας
331 2421 397 2509 γάρ
420 2421 498 2510 παρ’
516 2417 736 2510 Ἀλέξανδρον
755 2421 920 2508 ἐξήγγειλε
936 2419 975 2490 τδ
992 2423 1052 2509 μέ·

92 2521 196 2607 χεθός
220 2547 256 2590 τε
287 2527 345 2608 τῆς
371 2523 576 2610 χερρονήσου
602 2521 803 2609 θαυμαστόν
828 2548 859 2589 τι
885 2521 1053 2592 εἶναικαὶ

93 2620 176 2692 ὅσον
202 2618 242 2690 ού
270 2621 357 2690 πολύ
385 2622 535 2692 ἀποδέον
558 2627 615 2710 τῆς
638 2619 756 2692 Ἰνδῶν
781 2625 860 2709 γῆς,
887 2622 994 2711 άκραν
1018 2649 1054 2693 τε

94 2719 226 2808 ἀνέχειν
252 2724 310 2791 ἐπὶ
334 2723 422 2792 πολύ
448 2730 508 2811 τῆς
533 2723 678 2812 μεγάλης
704 2725 892 2811 θαλάσσης·
936 2720 980 2812 ἣν
1005 2723 1048 2812 δή
1070 2742 1090 2789 ο

54 2846 80 2886 τε
94 2826 152 2892 καλ
177 2824 259 2903 τούς
285 2823 347 2904 ξύν
375 2823 519 2916 Νεάρχῳ
540 2824 606 2894 ἀπὸ
631 2830 690 2911 τής
713 2823 853 2911 Ἰνδικῆς
879 2825 1053 2914 πλέοντας,

94 2927 178 3012 πρὶν
205 2925 386 3012 ἐπικάμψαι
413 2929 446 3006 ές
471 2927 531 2995 τὸν
556 2927 683 2995 κόλπον
716 2925 777 2994 τόν
803 2926 983 3016 Περσικόν,
1011 2925 1051 2997 ού

94 3027 211 3114 πόρρω
228 3025 470 3095 ἀνατείνουσαν
488 3033 575 3096 ἰδεῖν
591 3055 627 3096 τε
639 3028 697 3095 καλ
709 3025 789 3115 παρ’
809 3024 925 3113 ὀλίγον
939 3031 1053 3098 ἐλθεῖν

95 3131 267 3215 διαβαλεῖν
294 3130 329 3207 ἐς
346 3124 464 3216 αύτήν,
490 3130 547 3198 καλ
561 3126 778 3219 Ὀνησικρίτῳ
796 3133 844 3220 τηί
861 3129 1051 3218 κυβερνήτη

94 3229 201 3317 ταύτη
241 3234 383 3298 δοκοῦν·
435 3226 520 3298 ἀλλά
554 3231 707 3317 Νέαρχος
738 3231 827 3315 λέγει
861 3225 911 3298 ότι
951 3227 1053 3310 αύτός

56 3349 81 3389 ³0
95 3330 315 3418 διεκώλυσεν,
355 3327 400 3410 εδς
442 3329 703 3419 έκπεριπλεύσας
737 3330 797 3398 τὸν
830 3330 958 3398 κόλπον
992 3329 1053 3398 τὸν

95 3429 264 3520 Περσικὸν
294 3437 361 3518 ἔχοι
392 3429 591 3518 ἀπαγγεῖλαι
613 3428 821 3523 Ἀλεξάνδρηι
854 3430 909 3519 ἐφ’
938 3426 1053 3510 ολςτισι

93 3531 177 3620 πρὸς
204 3530 311 3602 αύτού
340 3532 476 3622 ἐστάλη·
510 3531 549 3604 ού
576 3532 641 3622 γάρ
669 3533 723 3600 έπλ
749 3535 796 3624 τῷ
823 3535 965 3602 πλεύσαι
990 3531 1052 3620 τήν
1072 3547 1103 3598 10

164 3653 294 3696 Διιτειιοε.
813 3647 844 3696 21
