2664 3946
493 237 680 289 ινεειειυ
698 240 723 300 3,
744 241 783 288 ιο.
1051 236 1111 300 127

153 381 191 452 ἐν
216 394 288 458 τοῖς
312 375 432 465 Κύρου
455 379 517 446 τού
537 375 674 464 πρύτου
698 387 896 465 δησαυροῖς.
936 377 1111 467 σατράπην
1132 394 1160 443 11

152 480 215 570 μὲν
233 479 275 566 δὴ
294 481 437 567 Περσῶν
463 479 644 567 κατέστησε
664 477 887 567 Φρασαόρτην
911 478 972 547 τδν
986 478 1108 567 Ῥεομί-

153 593 243 670 θρου
261 585 381 650 παῖδα·
409 578 450 647 τά
468 587 619 668 βασίλεια
637 578 675 648 δέ
698 579 743 648 τά
766 580 913 668 Περσικοὶ
940 583 1113 671 ἐνέπρησε,

155 689 398 773 Παρμενίωνος
423 681 536 764 σύζειν
561 679 871 769 συμβουλεύοντος,
897 681 940 750 τά
962 708 998 752 τε
1028 681 1125 751 ἄλλα

127 787 212 854 ικαὶ
230 781 281 852 δτι
298 783 339 853 ού
359 781 465 852 καλὸν
479 781 586 851 αύτού
605 782 754 870 κτήματα
772 781 835 870 ἤδη
853 781 1043 853 ἀπολλύναι
1056 785 1113 852 καὶ

154 883 206 954 ὅτι
232 885 294 972 ούχ
323 881 485 962 ύσαύτως
511 885 731 972 προσέξουσιν
757 882 850 974 αύτῷ
882 889 918 952 ot
941 885 1025 954 κατὰ
1050 885 1114 972 τὴν

150 986 268 1057 Ἀσίαν
287 984 482 1075 ἅνθρωποι,
510 983 555 1064 ύς
573 983 655 1054 ούδέ
673 984 766 1076 αύτῷ
786 985 948 1071 ἐγνωκότι
964 987 1114 1073 κατέχειν

152 1092 212 1177 τῆς
227 1087 342 1167 Ἀσίας
358 1087 421 1174 τὴν
438 1085 560 1174 ἀρχήν,
578 1085 647 1154 ἀλλ’
670 1089 825 1156 ἐπελθεῖν
838 1086 945 1173 μόνον
957 1090 1113 1156 νικῶντα.

153 1190 172 1257 δ
191 1189 229 1259 δέ
246 1189 497 1278 τιμωρήσασθαι
515 1189 644 1258 ἐθέλειν
657 1189 792 1276 Πέρσας
811 1193 956 1275 ἔφασκεν
974 1186 1049 1259 ἄνθ’
1066 1179 1113 1257 ὧν
1134 1201 1163 1250 ιε
1296 1203 1297 1206 ’

115 1318 141 1357 ιο
156 1292 212 1362 ἐπὶ
230 1291 292 1377 τὴν
307 1289 448 1360 Ἑλλάδα
468 1288 647 1370 ἐλάσαντες
659 1288 720 1368 τάς
737 1314 773 1358 τε
787 1288 933 1378 Ἀθήνας
950 1290 1114 1360 κατέσκα-

155 1405 225 1472 ψαν
242 1393 300 1461 καὶ
313 1390 354 1460 τά
376 1391 447 1479 ἱερά
463 1392 664 1480 ἐνέπρησαν,
681 1391 739 1459 καὶ
754 1387 816 1459 ὅσα
829 1388 916 1459 ἄλλα
929 1392 1015 1460 κακὰ
1031 1391 1114 1471 τούς

144 1492 311 1581 Ἕλληνας
341 1492 560 1580 εἰργάσαντο,
586 1490 675 1580 ύπὲρ
701 1491 833 1560 τούτων
860 1497 957 1572 δίκας
986 1498 1113 1580 λαβεῖν.

155 1593 227 1663 ἄλλ’
254 1591 326 1663 οὐδ’
353 1595 425 1681 ἐμοὶ
443 1597 538 1662 δοκεῖ
553 1592 686 1684 σύννῷ
706 1596 827 1680 δρᾶσαι
843 1593 946 1662 τούτό
967 1621 1006 1680 γε
1019 1592 1113 1663 Ἀλέ-

156 1697 299 1783 ξανδρος
316 1693 399 1764 υύδέ
416 1692 509 1763 εἶναί
524 1721 573 1774 τις
591 1691 676 1782 αύτη
695 1697 838 1784 Περσῶν
857 1697 927 1763 τῶν
945 1695 1048 1766 παλαι
1064 1720 1115 1763 τι-

3 1901 5 1906 ,
118 1820 143 1864 ιε
156 1803 276 1886 μωρία.

240 1899 356 1968 Ταῦτα
366 1895 404 1965 δὲ
417 1895 683 1984 διαπραξάμενος
693 1895 882 1986 προύχύρει
893 1898 949 1967 ἐπὶ
959 1901 1113 1987 Μηδίας·
1126 1906 1165 1974 19

158 2001 229 2069 ἐκεῖ
243 2000 310 2087 γὰρ
327 1997 538 2068 ἐπυνθάνετο
552 1996 638 2067 εἶναι
650 2009 808 2087 Δαρεῖον.
847 1998 987 2086 μνύμην
999 1997 1038 2068 δὲ
1055 2024 1116 2068 πε·

158 2108 277 2190 ποίητο
295 2111 454 2189 Δαρεῖος,
471 2107 503 2170 εί
518 2098 581 2188 μὲν
601 2101 656 2170 ἐπὶ
671 2099 817 2168 Σούσων
833 2102 892 2169 καὶ
908 2103 1116 2189 Βαβυλῶνος

157 2203 253 2290 μένοι
265 2201 505 2291 Ἀλέξανδρος,
531 2199 638 2270 αύτού
656 2202 857 2289 προσμένειν
873 2204 931 2271 καὶ
956 2199 1060 2281 αύτδς
1079 2204 1116 2271 ἐν

121 2329 146 2371 ω
159 2304 306 2391 Μήδοις,
320 2310 351 2374 εί
364 2302 407 2389 δή
419 2329 451 2370 τι
458 2309 692 2391 νεωτερισθείη
705 2305 774 2371 τῶν
787 2301 866 2390 ἄμφ’
878 2301 1115 2392 Ἁλέξανδρον·

158 2411 191 2475 εί
212 2403 251 2474 δέ
276 2403 412 2473 ἐλαύνοι
437 2401 484 2472 ἐνί
509 2403 635 2490 αύτόν,
658 2401 762 2490 αύτδς
785 2403 824 2472 δὲ
848 2400 918 2472 άνω
945 2405 1032 2473 ἰέναι
1053 2402 1116 2489 τὴν

161 2507 217 2576 ἐπὶ
236 2511 462 2594 Παρθυαίους
479 2530 515 2574 τε
534 2506 592 2573 καὶ
607 2502 798 2592 Ὑρκανίαν,
817 2509 889 2574 έστε
908 2505 963 2573 έπὶ
981 2503 1116 2592 Βάκτρα

158 2606 220 2694 τὴν
248 2632 284 2674 τε
313 2606 428 2695 χάραν
458 2611 613 2695 φθείρων
637 2608 750 2674 πᾶσαν
771 2606 829 2674 καί
858 2603 987 2694 ἄπορον
1010 2608 1116 2674 ποιῶν

155 2705 364 2799 Ἀλεξάνδρῳ
387 2707 449 2794 τὴν
467 2706 583 2795 πρόσω
607 2705 698 2775 ὁδόν.
733 2705 794 2786 τὰς
811 2704 874 2795 μὲν
892 2706 933 2794 δὴ
950 2722 1116 2794 γυναῖκας
1133 2721 1150 2772 2

123 2833 148 2876 ει
160 2811 218 2878 καὶ
235 2808 297 2897 τὴν
315 2807 421 2898 ἄλλην
444 2806 508 2896 τὴν
527 2814 575 2878 έτι
591 2806 670 2897 ἄμφ’
696 2806 803 2876 αύτὸν
827 2807 1037 2895 κατασκευὴν
1059 2810 1116 2878 καὶ

159 2911 219 2990 τὰς
238 2909 437 2998 ἁρμαμάξας
455 2911 511 2979 ἐπὶ
527 2911 587 2990 τάς
605 2916 762 2989 Κασπίας
779 2911 989 2998 καλουμένας
1007 2909 1117 2989 πύλας

160 3013 297 3100 πέμπει·
337 3011 441 3091 αύτδς
465 3010 504 3080 δέ
522 3011 585 3093 ξύν
601 3012 644 3100 τῇ
664 3010 805 3099 δυνάμει
822 3008 892 3099 ἣτις
911 3013 1033 3081 ἐκτῶν
1050 3035 1118 3080 πα·

161 3114 291 3203 ρύντων
305 3115 497 3195 ξυνείλεκτο
515 3111 607 3204 αύτῷ
624 3113 828 3201 προσέμενεν
843 3115 880 3182 έν
893 3111 1116 3203 Ἐκβατάνοις.

160 3221 267 3284 ταῦτα
285 3213 422 3284 άιιούων
442 3211 662 3302 Ἀλέξανδρος
686 3212 875 3304 προύχύρει
887 3216 952 3286 ,ἐπὶ
970 3219 1116 3302 Μηδίας.

125 3319 218 3386 ωκαλ
237 3315 452 3405 Παραιτάκας
475 3314 538 3404 μὲν
563 3317 596 3394 ές
618 3314 681 3402 τὴν
698 3313 811 3402 χώραν
829 3314 944 3384 αύτύν
963 3316 1117 3403 ἐμβαλῶν

161 3419 406 3506 κατεστρέψατο
429 3418 486 3486 καὶ
505 3415 726 3505 σατραπεύειν
752 3417 866 3498 ἔταξεν
890 3412 1006 3485 αὐτῶν
1020 3413 1117 3496 Ὀξά-

159 3529 250 3608 δρην
273 3518 333 3588 τὸν
353 3516 551 3608 Ἀβουλίτου
574 3521 635 3588 τοῦ
662 3514 850 3608 [πρότερον]
885 3516 1031 3588 Σούσων
1055 3536 1118 3584 σα-
