2678 3950
226 233 291 302 250
576 229 831 293 ειεωιωιεου

229 394 343 480 λὴλαις
371 391 474 474 αύτάς
501 421 535 464 τε
555 398 786 481 διαφθαρῆναι
807 395 864 463 καὶ
881 399 951 463 τῦν
978 393 1193 481 ἐμπλεόντων

231 498 267 564 έν
295 493 415 576 αύταῖς
440 495 598 574 πολλούς.
644 494 689 575 οἷς
716 495 754 564 δὲ
773 497 805 576 ἐς
824 494 949 575 πλάτος
965 493 1030 583 ἤδη
1048 489 1066 562 ὁ
1085 519 1191 563 ποτα-

229 596 291 684 μὸς
310 597 453 684 διέσχεν,
480 598 632 665 ἐνταῦθα
650 593 692 682 δὴ
711 594 731 664 ὅ
747 622 782 664 τε
800 599 881 684 ῥοῦς
900 595 1012 666 ου’κέτι
1030 590 1191 677 ὡσαύτως

232 698 376 784 χαλεπὸς
407 689 451 783 ἡν
477 697 534 766 καὶ
561 701 599 766 αλ
624 701 716 766 δῖναι
741 695 804 785 ούχ
831 695 931 788 ὁμοίᾳ
956 703 999 787 τῇ
1025 705 1086 788 βίᾳ
1113 698 1190 766 έπέ-

196 813 213 861 4
232 820 388 888 στρεφον.
423 804 651 887 προσορμίσας
677 789 742 868 οῦν
759 801 800 888 τῇ
830 802 866 868 έν
885 799 976 890 δεξιᾷ
994 797 1081 887 ὄχθη
1096 796 1221 868 ’Au-⁶

232 900 373 988 ξανδρος
404 897 466 966 τὸν
500 899 655 989 στρατόν,
689 903 746 969 ἵνα
777 899 882 986 σκέπη
908 927 944 969 τε
968 891 1012 985 ἡν
1038 901 1100 968 τοῦ
1127 903 1192 989 ῥοῦ

230 1001 288 1069 καλ
317 998 489 1088 προσβολὴ
521 1014 594 1080 ταῖς
627 1003 730 1070 ναυσὶ
762 1001 818 1069 καὶ
850 1027 900 1080 τις
931 1001 989 1069 καὶ
1014 999 1099 1089 ἄκρα
1129 1003 1191 1069 τοῦ

231 1106 384 1189 ποταμοῦ
417 1104 610 1188 ἐπιτηδείως
644 1099 777 1190 ἀνεῖχεν
805 1105 837 1182 ές
863 1106 932 1170 τῶν
958 1109 1132 1186 ναυαγίων
1157 1127 1193 1172 τε

230 1199 292 1290 τὴν
319 1200 520 1289 ξυναγωγὴν
545 1203 602 1270 καὶ
628 1211 662 1271 εί
683 1230 769 1283 τινες
788 1201 841 1272 ἐπ’
870 1201 985 1272 αύτῶυ
1007 1207 1126 1286 ζῦντες
1145 1209 1193 1272 ἔτι

233 1305 404 1392 ἐφέροντο,
430 1304 573 1384 τούτους
599 1329 635 1372 τε
660 1305 797 1373 διέσεισε
820 1305 877 1372 καὶ
896 1303 1115 1384 ἐπισκευάσας
1132 1300 1193 1384 τάς
1205 1331 1231 1372 ιι
1318 1347 1319 1370 ι

231 1411 459 1491 πεπονηκυίας
491 1408 560 1472 τῶν
592 1405 698 1493 νεῶν,
731 1407 885 1494 Νέαρχον
915 1403 978 1494 μὲν
1010 1413 1192 1474 καταπλεῖν
1318 1389 1319 1406 ¹

230 1506 357 1575 κελεύει
383 1504 449 1574 ἔστ’
479 1501 522 1573 ἂν
549 1503 709 1592 α’φίκηται
734 1509 789 1576 ἐπὶ
806 1505 847 1574 τά
867 1505 941 1596 ὅρια
959 1509 1019 1576 τοῦ
1039 1509 1192 1578 Μαλλῶν

234 1613 372 1687 ἔθνους·
413 1601 517 1686 αύτδς
535 1605 574 1674 δέ
599 1611 668 1676 τῶν
693 1608 873 1697 βαρβάρων
890 1613 960 1676 τῶν
977 1607 1018 1676 οῦ
1037 1629 1192 1696 προσχω-

233 1709 384 1798 ρούντων
417 1705 630 1796 καταδρομὴν
663 1714 721 1796 τῆς
752 1709 864 1798 χώρας
889 1709 1109 1796 ποιησάμενος
1135 1709 1192 1777 καὶ

234 1810 388 1888 κωλύσας
416 1811 634 1897 ἐπικουρῆσαι
660 1809 787 1890 αύτούς
812 1825 881 1891 τοῖς
908 1818 1077 1898 Μαλλοῖς,
1103 1803 1192 1879 οὕτω
1205 1837 1230 1878 ιι
1318 1875 1319 1900 ,

233 1912 275 1997 δὴ
302 1903 402 1988 αῦθις
429 1909 580 1998 ξυνέμιξε
605 1916 653 2002 τῷ
679 1917 836 2003 ναυτικῷ.

198 2024 215 2074 σ
309 2012 378 2080 Καὶ
397 2012 545 2079 ἐνταῦθα
560 2011 765 2098 Ἡφαιστίων
782 2039 818 2082 τε
836 2011 926 2106 αύτῷ
948 2013 1005 2080 καὶ
1023 2011 1192 2101 Κράτερος

232 2113 289 2181 καὶ
310 2119 474 2191 Φίλιππος
495 2111 558 2192 ξύν
575 2127 645 2192 τοϊς
663 2111 747 2202 ἄμφ’
768 2111 893 2194 αύτούς
911 2107 998 2201 ὁμοῦ
1015 2111 1078 2202 ἤδη
1095 2105 1191 2200 ἡσαν.

233 2213 309 2284 ὁδδ
334 2211 413 2294 τούς
439 2212 502 2301 μὲν
530 2214 712 2301 ἐλέφαντας
738 2216 794 2284 καὶ
815 2216 877 2304 τὴν
895 2216 1193 2302 Πολυσπέρχοντος

231 2314 324 2397 τάξιν
350 2315 407 2382 καί
433 2313 512 2395 τούς
537 2317 753 2398 ἱπποτοξότας
779 2319 836 2386 καὶ
865 2322 1032 2386 Φίλιππον
1058 2317 1122 2396 ξύν
1147 2321 1191 2405 τῇ
1205 2345 1230 2385 ιο

232 2413 315 2505 ἄμφ’
337 2411 444 2484 αύτὸν
462 2418 600 2507 στρατιᾷ
618 2419 811 2506 διαβιβάσας
828 2417 889 2486 τὸν
902 2413 1070 2505 Ὑδάσπην
1087 2442 1191 2486 τοτα·
1260 2431 1266 2442 '

232 2521 297 2607 μὸν
330 2517 492 2610 Κρατέρῳ
524 2515 617 2603 άγειυ
649 2521 845 2607 προσέταξε·
874 2519 1029 2607 Νέαρχον
1062 2517 1099 2586 δὲ
1132 2519 1193 2600 ξῦν

232 2626 280 2712 τῷ
311 2623 460 2709 ναυτικῷ
487 2619 624 2708 πέμπει,
651 2623 762 2708 τρισὶν
787 2619 922 2709 ἡμέραις
948 2620 1010 2704 τὴν
1037 2617 1194 2707 στρατιάν

198 2717 393 2800 σκελεύσας
419 2718 565 2806 φθάνειν
591 2719 674 2790 κατά
699 2721 759 2790 τὸν
785 2723 906 2790 πλοῦν.
948 2720 1009 2788 τὸν
1035 2719 1073 2789 δὲ
1089 2718 1193 2788 άλλον

233 2819 376 2911 στρατὸν
393 2823 485 2909 τριχὴ
509 2821 665 2910 διένειμε
700 2825 757 2891 καὶ
772 2821 998 2910 Ἡφαιστίωνα
1014 2820 1077 2909 μὲν
1095 2823 1194 2890 πέντε
1207 2848 1234 2889 ιι

231 2923 368 3010 ἡμέραις
400 2921 553 3010 προϊέναι
584 2924 716 3010 ἔταξεν,
759 2920 804 3003 ῦς
837 2933 872 2992 εί
899 2949 985 3003 τινες
1016 2924 1098 3003 τούς
1130 2921 1194 3004 ξῦν

232 3023 328 3117 αύτῷ
361 3023 582 3110 τεταγμένους
609 3024 792 3112 φεύγοντες
829 3027 863 3103 ές
896 3023 933 3092 τὸ
965 3023 1081 3113 πρόσω
1108 3023 1193 3092 κατὰ

233 3122 387 3212 σπουδὴν
410 3134 506 3210 ίοιεν,
532 3139 601 3205 τοῖς
628 3122 713 3213 ἀμφ’
729 3125 956 3214 Ἡφαιστίωνα
975 3127 1194 3212 ἐμπίπτοντες

232 3221 447 3296 ἁλίσκωνται·
488 3234 699 3314 Πτολεμαῖον
726 3226 763 3296 δὲ
789 3227 849 3294 τὸν
875 3225 1005 3312 Λάγου,
1028 3226 1111 3305 δούς
1137 3225 1195 3293 καὶ

231 3329 340 3419 τούτῳ
366 3331 425 3414 τῆς
453 3333 607 3414 στρατιάς
625 3329 736 3416 μέρος,
762 3329 871 3416 τρισὶν
897 3326 1035 3417 ἡμέραις
1053 3325 1190 3395 ύπολει-
1209 3353 1236 3395 ιο

231 3429 379 3517 πόμενον
412 3429 553 3496 ἕπεσθαι
587 3429 779 3516 ἐκέλευσεν,
814 3427 859 3508 ιδς
886 3425 957 3498 ὅσοι
981 3427 1018 3496 τδ
1051 3434 1195 3515 ἔμπαλιν

230 3529 474 3618 ύποστρέφοιεν
501 3526 607 3599 αύτδν
633 3529 831 3619 φεύγοντες,
857 3520 949 3600 οὗτοι
975 3527 1013 3597 δὲ
1039 3535 1088 3610 είς
1114 3528 1197 3610 τούς
