2650 3948
219 228 263 294 35
573 227 821 286 ιεεωιοιεοε

222 375 257 442 οί
271 369 399 460 μᾶλλόν
416 399 446 440 τι
464 379 639 460 σημαίνειν
652 368 701 440 δτι
715 373 751 439 ἐκ
768 377 829 459 γῆς
841 370 995 460 κρατήσει
1011 377 1072 441 τοῦ
1086 383 1179 459 Περ·

222 479 293 543 σῶν
309 475 480 543 ναυτικοῦ.

175 583 213 648 19
297 575 366 646 Καὶ
391 576 428 643 έν
451 573 558 668 τούτῳ
575 571 808 663 Γλαύκιππος,
834 569 919 662 άνήρ
942 579 1012 643 τῶν
1030 579 1179 664 δοκίμων

222 680 259 746 ἐν
277 675 428 769 Μιλήτῳ,
448 675 649 764 ἐκπεμφθείς
668 673 758 765 παρά
773 673 993 765 Ἀλέξανδρον
1010 675 1100 766 παρά
1116 682 1178 746 τοῦ

222 777 330 865 δήμου
343 804 379 846 τε
392 777 446 844 καὶ
460 784 528 845 τῶν
543 779 647 859 ξένων
660 779 729 846 τῶν
741 776 970 866 μισθοφόρων,
987 772 1037 858 οἷς
1050 777 1179 866 μᾶλλόν
1205 807 1220 849 τ

220 907 253 948 τι
268 880 487 964 ἐπετέτραπτο
500 875 521 965 ή
535 875 645 964 πόλις,
663 877 704 946 τά
716 904 752 946 τε
764 885 854 966 τείχη
869 885 932 965 ἔφη
951 880 1081 948 ἐθέλειν
1097 877 1178 960 τούς

222 987 411 1068 Μιλησίους
434 984 491 1048 καί
508 978 587 1061 τούς
611 979 746 1068 λιμένας
764 981 920 1068 παρέχειν
936 979 1070 1062 κοινούς
1084 977 1175 1051 ’Aze-

221 1080 353 1175 ξάνδρμ
371 1081 427 1148 καὶ
441 1081 600 1167 Πέρσαις·
619 1082 673 1149 καὶ
691 1081 754 1168 τήν
766 1087 962 1170 πολιορκίαν
977 1082 1033 1150 ἐπὶ
1049 1079 1178 1162 τούτοις

187 1181 315 1252 κλύειν
336 1181 442 1270 ήξίου.
474 1181 690 1270 Ἀλέξανδρος
707 1182 746 1251 δὲ
764 1189 972 1275 Γλαυκίππῳ
989 1182 1052 1270 μὲν
1075 1207 1177 1272 προς-

220 1283 335 1354 τάσσει
357 1281 623 1354 ἀπαλλάττεσθαι
646 1282 728 1352 κατά
753 1284 851 1372 τάχος
875 1286 908 1365 ἐς
929 1282 990 1370 τήν
1008 1282 1105 1353 πόλιν
1122 1285 1220 1356 καίεο

223 1391 400 1474 Μιλησίοις
426 1385 641 1470 ἐπαγγέλλειν
661 1384 970 1474 παρασκευάζεσθαι
988 1382 1032 1466 οἱς
1049 1412 1178 1473 μαχου·

221 1488 344 1574 μένους
358 1491 476 1556 ἕωθεν.
491 1483 590 1566 αύτός
604 1480 637 1552 δ’
658 1485 835 1573 ἐπιστήσας
848 1491 895 1578 τῷ
907 1494 1005 1574 τείχει
1018 1486 1178 1575 μηχανάς,

221 1587 278 1656 καὶ
294 1587 335 1674 τά
353 1587 417 1676 μὲν
434 1585 631 1672 καταβαλών
649 1585 692 1655 δι’
711 1584 829 1674 ὀλίγου
847 1593 916 1656 τόν
933 1591 1064 1675 τειχῶν,
1081 1587 1122 1656 τά
1141 1587 1190 1665 δέι
1320 1633 1321 1640 1

221 1698 419 1769 κατασείσας
438 1687 493 1757 ἐπί
511 1687 597 1756 πολύ
616 1693 764 1776 προσῆγε
782 1687 844 1776 τήν
862 1687 1019 1776 στρατιάν
1038 1687 1082 1768 οἱς
1106 1692 1178 1758 ἐπι-

222 1791 428 1877 βησομένους
452 1781 475 1879 ᾖ
499 1789 718 1880 κατερήριπτο
740 1786 763 1878 ή
789 1789 984 1860 ἐσεσάλευτο
1002 1789 1038 1858 τό
1057 1804 1177 1878 τεῖχος,
1192 1822 1217 1862 15
1320 1785 1321 1848 ἒ

223 1889 503 1979 ἐφομαρτούντων
515 1890 571 1958 καὶ
584 1891 690 1979 μόνον
702 1889 744 1960 ού
759 1892 941 1979 θεωμένων
954 1896 1023 1960 τῶν
1036 1897 1179 1981 Περσῶν

222 1989 288 2059 άπδ
302 1997 362 2080 τής
371 1991 538 2078 Μυκάλης
547 1994 849 2082 πολιορκουμένους
857 1991 936 2073 τούς
946 1998 1067 2079 φίλους
1080 1999 1179 2082 σφῶν

222 2095 278 2160 καί
297 2093 498 2182 ξυμμάχους.

188 2209 205 2258 ε
295 2192 351 2264 Ἐν
381 2193 489 2286 τούτφ
517 2193 555 2264 δὲ
584 2195 699 2264 καλοί
721 2192 806 2284 ἀμφὶ
831 2195 1006 2284 Νικάνορα
1029 2193 1095 2266 άπδ
1119 2200 1179 2284 τῆς

223 2295 336 2384 Λάδης
362 2294 424 2384 τήν
447 2293 555 2386 ὁρμήν
579 2301 649 2364 τῶν
674 2295 738 2378 ξύν
755 2295 963 2392 Ἀλεξάνδρῳ
988 2297 1177 2377 κατιδόντες
1191 2329 1217 2370 ιο

197 2401 199 2407 ’
225 2401 258 2478 ἐς
275 2397 337 2468 τόν
350 2399 467 2486 λιμένα
481 2399 642 2466 ἐπέπλεον
658 2401 726 2467 τῶν
740 2404 918 2485 Μιλησίων
931 2397 1022 2488 παρά
1036 2406 1100 2486 γήυ
1116 2399 1179 2487 τήν

223 2506 373 2588 είρεσίαν
390 2498 594 2587 ποιούμενοι,
615 2499 672 2568 καί
688 2498 772 2568 κατά
788 2498 826 2568 τό
847 2499 952 2588 στόμα
967 2506 1030 2570 τοῦ
1048 2502 1179 2589 λιμένος

222 2593 310 2690 ᾗπερ
328 2600 523 2670 στενότατον
541 2593 584 2688 ήν
600 2597 833 2689 άυτιπρύρους
849 2600 952 2688 βύζην
964 2600 1022 2683 τὰς
1038 2602 1179 2691 τριήρεις

223 2700 420 2789 ὁρμίσαντες
433 2699 713 2771 ἀποκεκλείκεσαν
728 2708 776 2793 τῷ
788 2701 852 2789 μέν
865 2708 1020 2796 Περσικῷ
1032 2709 1180 2796 ναυτικῷ

224 2803 284 2871 τόν
307 2803 439 2890 λιμένα,
461 2817 532 2882 τοῖς
549 2809 726 2888 Μιλησίοις
749 2802 787 2872 δέ
810 2801 872 2890 τήν
890 2807 926 2872 ἐκ
943 2809 1012 2873 τόν
1034 2811 1179 2893 Περσῶν
1192 2833 1218 2874 τε

190 2901 399 2990 ιύφέλειαυ.
436 2909 521 2972 ἔνθα
544 2907 580 2972 οί
594 2903 759 2990 Μιλήσιοί
780 2931 816 2974 τε
842 2905 898 2972 καί
921 2909 957 2974 οί
977 2905 1181 2996 μισθοφόροι

224 3003 438 3092 πανταχόθεν
450 3001 515 3091 ήδη
525 3007 772 3093 προσκειμένων
785 3013 880 3092 σφίσι
892 3011 961 3074 τῶν
971 3007 1180 3076 Μακεδόνων

224 3109 260 3176 οί
280 3105 343 3194 μὲν
366 3101 480 3174 αύτῶν
504 3108 697 3192 ῥιπτοῦντες
721 3111 808 3195 σφᾶς
834 3111 870 3176 ἐν
892 3113 934 3196 τῇ
950 3107 1106 3198 θαλάσση
1126 3111 1180 3178 ἐπὶ

223 3213 292 3275 τῶν
318 3204 472 3275 άσπίδων
495 3203 625 3274 ύπτίων
649 3209 681 3288 ἐς
704 3207 828 3295 νησῖδά
849 3236 923 3276 τινα
941 3204 1122 3298 άνοίυυμον
1138 3213 1179 3300 τῇ

225 3303 319 3378 πόλει
356 3310 565 3397 ἐπικειμένην
603 3309 807 3398 διενήχοντο·
848 3313 883 3378 οί
917 3309 954 3380 δέ
986 3313 1019 3392 ἐς
1048 3311 1181 3398 κελήτια
1194 3342 1219 3382 ιο

225 3414 437 3498 ἐμβαίνοντες
454 3411 510 3479 καὶ
529 3408 735 3499 ἐπειγόμενοι
752 3407 951 3499 ὑποφθάσαι
966 3411 1025 3492 τάς
1037 3412 1180 3502 τριήρεις

223 3518 292 3582 τῶν
306 3511 516 3583 Μακεδόνων
530 3511 827 3600 ἐγκατελήφθησαν
845 3510 884 3583 ἐν
900 3519 948 3606 τῷ
967 3513 1103 3602 στόματι
1119 3521 1180 3586 τοτ’Ι
