2650 3948
232 261 274 328 66
586 257 834 320 ΑΛΕΞΑΝΔΡΟΤ

231 409 336 474 ἵππον
348 404 409 491 τήν
424 405 478 474 ἐπὶ
492 410 646 496 Γρανικῷ
659 414 853 493 ταχθεῖσαν,
871 401 954 474 οὐδὲ
971 402 1050 484 τούς
1068 408 1189 493 δισμυ-

232 512 327 595 ρίους
345 507 462 587 ξένους
478 504 558 586 τούς
575 505 826 595 μισθοφόρους,
852 503 937 574 άλλά
956 509 1101 593 Περσῶν
1117 533 1153 574 τε
1170 504 1190 574 ὅ

230 634 263 676 τι
288 633 350 695 περ
374 606 494 695 ὅφελος
512 607 568 674 καὶ
586 605 718 694 Μήδων
735 608 792 674 καὶ
810 606 873 676 ὅσα
892 606 976 676 άλλα
994 612 1078 694 ἔθνη
1096 607 1189 694 Πέρ-

231 730 304 788 σαις
317 709 373 776 καλ
386 707 517 796 Μήδοις
529 701 663 795 ὑπήκοα
677 710 803 777 ἐποικεῖ
814 707 875 796 τήν
886 706 1000 778 Ἀσίαν
1012 709 1070 776 καὶ
1083 703 1190 778 αάτὸν

230 811 337 896 μέγαν
359 809 496 896 βασιλέα
519 809 686 898 παρόντα,
711 809 768 878 καὶ
793 807 837 888 ῶς
856 806 959 879 οὐδὲν
976 802 1185 896 άπολειφθή-
1214 835 1230 876 ε

232 916 327 979 σεταί
342 931 455 998 σφισιν
474 911 529 978 ἐπὶ
545 915 632 1002 τῷδε
649 915 696 1000 τῷ
715 908 820 996 άγῶνι
838 905 888 979 ότι
904 909 948 998 μή
968 924 1104 999 κρατεῖν
1129 916 1188 997 τῆς

229 1009 338 1092 Ἀσίας
362 1010 533 1100 ξυμπάσης
548 1011 605 1078 καὶ
622 1011 725 1098 πέρας
742 1025 812 1091 τοῖς
829 1019 967 1092 πολλοῖς
985 1009 1098 1092 πόνοις
1117 1013 1188 1080 ἐπι·

194 1122 353 1182 σθεϊναι.
401 1113 455 1181 ἐπὶ
483 1109 609 1192 τούτοις
640 1111 678 1182 δὲ
703 1117 772 1181 τῶν
797 1139 833 1181 τε
857 1118 904 1193 είς
927 1111 964 1182 τό
989 1111 1103 1182 κοινόν
1126 1109 1189 1195 ξάν

231 1211 435 1302 λαμπρότητι
461 1211 526 1301 ήδη
555 1213 799 1301 πεπραγμένων
821 1210 1053 1304 ὑπεμίμνησκε
1078 1213 1134 1281 καὶ
1158 1219 1191 1282 εί

232 1313 275 1401 δή
305 1341 351 1406 τω
378 1320 447 1404 ίδίηι
476 1341 508 1382 τι
531 1313 710 1400 διαπρεπὲς
734 1317 766 1394 ἐς
789 1315 910 1395 κάλλος
933 1316 1186 1404 τετολμημένον,
1202 1343 1228 1382 ιο

230 1412 390 1503 ὀνομαστὶ
419 1418 558 1484 ἕκαστον
583 1417 638 1484 ἐπὶ
661 1421 709 1506 τῷ
734 1421 820 1507 ἔργῳ
837 1414 1025 1486 άνακαλῶν.
1071 1417 1127 1485 καὶ
1150 1415 1187 1485 τό

233 1513 338 1585 αὑτοῦ
361 1512 423 1584 οάκ
448 1513 632 1585 ἀκίνδυνον
656 1511 694 1586 έν
716 1532 789 1597 ταῖς
813 1518 932 1606 μάχαις
963 1516 1008 1598 ῶς
1039 1513 1186 1606 άνεπαχ-

196 1631 214 1681 8
230 1617 376 1686 θέστατα
394 1615 532 1705 έπεξήει.
558 1618 686 1703 λέγεται
699 1617 737 1688 δὲ
750 1619 806 1687 καί
820 1625 1037 1707 Ξενοφῶντος
1049 1619 1107 1686 καλ
1119 1623 1188 1688 τῶν

231 1717 298 1806 άμα
316 1723 508 1805 Ξενοφῶντι
523 1725 656 1808 μυρίων
673 1715 708 1800 ές
725 1718 858 1808 μνήμην
877 1715 1004 1805 ἐλθεῖν,
1023 1717 1066 1808 ῶς
1084 1715 1187 1789 οὐδέν

230 1847 262 1888 τι
285 1815 363 1888 οὕτε
385 1817 467 1888 κατά
491 1825 619 1907 πλῆθος
644 1819 722 1889 οὕτε
745 1819 827 1888 κατά
846 1819 908 1908 τήν
926 1819 1031 1907 άλλην
1048 1815 1188 1902 άξίωσιν
1201 1846 1228 1888 ιε

230 1927 347 2007 σφίσιν
371 1919 574 2007 ἐπεοικότες,
607 1916 689 1990 οάδέ
716 1922 846 1990 ἱππέων
869 1917 985 2001 αὐτοῖς
1008 1917 1187 2009 παρόντων

232 2028 430 2108 Θεσσαλῶν,
461 2019 543 2091 οὐδὲ
560 2027 718 2092 Βοιωτῶν
735 2018 755 2109 ἢ
774 2028 1077 2110 Πελοποννησίων,
1102 2016 1186 2090 ου’δὲ

231 2121 444 2192 Μακεδόνων
459 2116 481 2210 ἦ
500 2127 654 2212 Θρακῶν,
673 2119 748 2191 οὐδ’
768 2123 830 2210 ὅση
848 2122 933 2210 άλλη
951 2129 1068 2210 σφίσιν
1085 2126 1187 2202 ’ίππος

231 2224 459 2310 ξυντέτακται,
483 2222 564 2294 οὐδὲ
587 2225 731 2305 τοξοτῶν
753 2219 774 2311 ή
793 2230 1046 2312 σφενδονητῶν,
1074 2221 1125 2292 ὅτι
1142 2223 1187 2312 μή

230 2331 374 2412 Κρητῶν
386 2320 552 2414 ἢῬοδίων
566 2322 703 2412 ὀλίγων,
717 2327 773 2393 καὶ
784 2325 913 2395 τούτων
927 2323 965 2396 έν
977 2331 1023 2418 τῷ
1036 2324 1187 2417 κινδύνῳ
1200 2352 1226 2393 ιι

197 2423 299 2495 σάπδ
316 2432 534 2513 Ξενοφῶντος
552 2424 920 2514 αὐτοσχεδιασθέντων,
943 2431 978 2497 οί
993 2425 1031 2496 δέ
1050 2429 1187 2514 βασιλέα

229 2554 266 2596 τε
283 2525 344 2609 ξδν
362 2527 453 2617 πάσῃ
470 2532 512 2616 τῇ
530 2526 670 2615 δυνάμει
687 2527 771 2616 πρὸς
788 2534 967 2614 Βαβυλῶνι
985 2524 1073 2616 ου’τή
1092 2526 1186 2616 έτρέ-

231 2641 338 2709 σαντα
367 2629 424 2696 καὶ
455 2634 538 2714 ἔθνη
570 2627 632 2696 ὅσα
662 2627 842 2696 κατιόντων
867 2635 915 2710 είς
938 2628 998 2697 τδν
1022 2629 1188 2712 Εὔξεινον

230 2727 357 2796 πόντον
378 2725 457 2796 καθ’
483 2727 566 2796 ὁδόν
583 2748 697 2816 σφισιν
715 2729 887 2814 ἐπεγένετο
904 2735 1063 2811 νικῶντες
1082 2733 1186 2819 ἐπήλ-

229 2837 310 2896 θον·
346 2825 409 2896 ὅσα
433 2855 469 2896 τε
493 2828 577 2897 άλλα
595 2831 631 2897 έν
648 2834 694 2920 τῷ
711 2835 830 2920 τοιῷδε
848 2830 912 2920 πρό
931 2837 999 2900 τῶν
1016 2831 1187 2901 κινδύνων
1199 2859 1227 2900 ιε

231 2931 265 3008 ές
295 2926 504 3018 παράκλησιν
533 2927 695 3016 άνδράσιν
724 2928 867 3017 άγαθοίς
891 2934 923 3014 έξ
949 2926 1082 3019 άγαθοῦ
1105 2931 1187 3020 ἡγε-

229 3029 331 3118 μόνος
368 3040 603 3119 παραινεῖσθαι
635 3029 732 3111 είκός.
786 3037 821 3101 ολ
847 3032 885 3102 δὲ
914 3033 1013 3112 άλλος
1042 3032 1188 3104 άλλοθευ

229 3130 440 3219 δεξιούμενοί
460 3159 495 3200 τε
518 3129 578 3200 τόν
595 3133 730 3218 βασιλέα
747 3134 867 3226 καὶτῷ
886 3133 974 3228 λόγῳ
994 3137 1188 3225 ἐπαίροντες

230 3231 326 3318 άγειν
342 3231 408 3320 ήδη
428 3233 594 3302 ἐκέλευον.

198 3342 221 3407 8
303 3330 337 3402 Ὁ
368 3333 406 3402 δὲ
437 3333 512 3404 τότε
545 3333 607 3421 μὲν
639 3338 920 3405 δειπνοποιεῖσθαι
950 3338 1187 3426 παραγγέλλει·
1203 3364 1228 3405 ιο

230 3435 413 3522 προπέμπει
435 3435 473 3504 δὲ
491 3432 536 3515 ῶς
556 3433 611 3502 ἐπὶ
628 3431 686 3514 τάς
704 3435 812 3516 πάλας
829 3443 898 3506 τῶν
914 3465 949 3506 τε
967 3439 1097 3506 ίππέων
1114 3436 1187 3507 ὀλί-

229 3561 312 3621 γους
325 3537 381 3604 καὶ
393 3543 461 3607 τῶν
473 3539 617 3619 τοξοτῶν
636 3540 1011 3627 προκατασκεψομένους
1028 3539 1089 3627 τήν
1108 3534 1189 3608 ὁδόν
