2678 3950
438 265 621 319 εαεοεειε
638 269 663 332 ε,
682 269 722 319 ιι.
741 271 780 323 ιτ.
1028 265 1091 332 267

127 419 195 510 την
220 421 284 510 μὲν
308 429 404 492 λείαν
429 425 471 512 τῇ
497 426 635 512 στρατιᾷ
654 426 784 510 δίδωσι,
809 424 890 506 τούς
909 425 1092 511 ἐλέφαντας

129 524 172 592 δέ
198 521 266 610 άμα
291 517 329 592 οἷ
349 515 418 611 ἦγε.
471 522 527 591 καὶ
550 521 648 592 άλλαι
673 523 712 592 δέ
735 523 846 606 πόλεις
872 525 964 616 αὐτῷ
991 529 1031 593 αί
1056 527 1092 595 ἐν

126 628 173 714 τῇ
192 623 278 713 αὐτῇ
297 624 390 714 χοίρφ
409 627 599 694 ἐνεδίδοντο
618 623 742 694 ἐπιόντι
759 619 844 694 οάδέ
864 653 914 706 τις
933 626 1092 713 ἐτράπετο

128 727 167 804 ἐς
193 723 315 812 άλκήν·
345 723 435 794 οὕτω
452 725 509 794 καὶ
522 723 625 795 Ἰνδοὶ
642 723 764 807 πάντες
782 723 1010 796 ἐδεδούλωντο
1026 724 1091 814 ἤδη

82 850 98 890 ε
126 828 173 915 τῇ
205 826 322 915 γυάμη
356 824 440 916 πρδς
463 820 686 915 Ἀλεξάνδρου
711 853 748 897 τε
773 827 829 896 καὶ
854 832 913 916 τῆς
936 821 1092 909 Ἀλεξάν-

126 932 217 1016 δρου
243 927 357 1014 τάχης.

134 1029 138 1040 ’
204 1025 241 1097 ‘0
268 1026 306 1097 δέ
332 1027 388 1096 ἐπὶ
408 1027 547 1116 Σάμβον
575 1021 621 1097 αά
647 1021 720 1117 ἦγε,
745 1031 813 1098 τῶν
839 1027 960 1117 ὀρείων
974 1026 1125 1099 ’1νδῶν3

127 1129 307 1216 σατράπην
332 1126 394 1197 ὑπ’
422 1126 528 1198 αὐτοῦ
546 1129 808 1217 κατασταθέντα,
836 1126 873 1210 ὃς
891 1130 1093 1216 πεφευγέναι

127 1229 225 1321 αὐτῷ
253 1229 467 1317 ἐξηγγέλλετο
494 1227 546 1299 δτι
563 1231 784 1300 Μουσικανὸν
810 1227 992 1319 ἀφειμένον
1009 1229 1093 1318 πρδς

86 1329 352 1420 ιεἈλεξάνδρου
386 1329 532 1401 ἐπύθετο
557 1331 614 1400 καὶ
645 1337 703 1418 τῆς
734 1330 844 1419 χώρας
876 1336 935 1418 τῆς
969 1332 1093 1400 ἑαυτοῦ

128 1430 295 1520 άρχοντα·
335 1429 376 1500 τά
401 1430 468 1520 γάρ
492 1431 577 1522 πρὸς
595 1431 816 1503 Μουσικανὸν
842 1429 937 1523 αὐτῷ
955 1432 1094 1519 πολέμια

127 1524 186 1620 ἦν.
214 1530 259 1611 εδς
277 1531 314 1600 δέ
332 1531 486 1616 ἐπέλαζεν
503 1532 568 1621 ἤδη
585 1535 627 1621 τῇ
646 1532 740 1602 πόλει
750 1528 965 1620 Ἀλέξανδρος
977 1529 1093 1619 ἥντινα
1110 1546 1127 1594 4

128 1633 338 1722 μητρόπολιν
369 1633 457 1721 εἶχεν
483 1631 504 1721 ἡ
531 1638 592 1703 τοῦ
619 1635 762 1722 Σάμβου
788 1630 894 1722 χωρα,
919 1631 1025 1722 ὄνομα
1050 1623 1094 1720 ἦν

128 1739 176 1822 τῇ
204 1734 298 1802 πόλει
323 1738 525 1822 Σινδίμανα,
551 1737 590 1803 οἳ
612 1761 648 1803 τε
665 1735 770 1804 πάλαι
789 1732 883 1826 αὐτῷ
900 1728 1094 1822 άνοίγονται

89 1867 116 1907 ιε
131 1834 339 1922 προσάγοντι
369 1836 427 1904 καὶ
459 1840 495 1904 ολ
523 1842 641 1905 οἰκεῖοι
672 1841 709 1905 οί
736 1837 797 1905 τοῦ
826 1835 966 1924 Σάμβου
991 1835 1034 1905 τά
1058 1861 1094 1904 τε

136 1934 293 2025 χρήματα
327 1932 567 2026 άπηρίθμησαν
599 1937 655 2004 καὶ
687 1935 770 2017 τοδς
801 1933 985 2025 ἐλέφαντας
1010 1936 1093 2026 μετά

131 2041 235 2124 σφῶν
260 2035 397 2124 άγοντες
413 2034 586 2125 ἀπήντων·
620 2035 662 2106 οά
688 2038 755 2128 γάρ
774 2036 816 2125 δὴ
831 2036 1039 2130 Ἀλεξάνδρφ
1056 2064 1095 2123 γε

131 2145 301 2225 πολεμίως
320 2146 438 2227 ἔχοντα
457 2139 596 2229 Σάμβον
612 2154 749 2227 φυγεῖν,
767 2133 851 2207 άλλά
871 2143 1094 2208 Μουσικανοῦ

131 2241 196 2327 τὴν
214 2237 335 2328 άφεσιν
348 2245 515 2310 δείσαντα.
543 2237 561 2308 ὁ
579 2238 617 2308 δέ
634 2241 691 2308 καὶ
705 2238 810 2326 άλλην
824 2239 922 2309 πάλιν
936 2237 973 2307 ἐν
985 2237 1094 2330 τοάτφ
1111 2252 1128 2300 ὖ

90 2375 118 2415 το
132 2339 331 2410 άποστάσαν
348 2336 427 2428 εἷλε,
445 2342 502 2409 καὶ
515 2345 585 2409 τάν
599 2337 820 2429 Βραχμάνων,
838 2347 875 2409 οἳ
885 2337 927 2426 δὴ
941 2341 1096 2426 σοφισταὶ

131 2455 207 2522 τοῖς
229 2439 347 2521 Ἰνδοῖς
365 2447 467 2528 εἰσιν,
494 2440 566 2511 ὅσοι
583 2451 683 2511 αἴτιοι
698 2445 756 2527 τῆς
775 2438 992 2519 ἀποστάσεως
1020 2441 1095 2526 ἐγέ-

131 2568 237 2611 νοντο
269 2541 468 2611 ἀπέκτεινεν.
519 2541 607 2630 ὑπὲρ
642 2533 692 2612 ὦν
717 2540 783 2627 ἐγοδ
815 2546 872 2628 τῆς
899 2547 1037 2628 σοφίας,
1064 2548 1097 2612 εί

133 2642 178 2729 δή
205 2649 256 2722 τίς
283 2645 383 2728 ἐστιν,
409 2639 448 2710 ἐν
473 2648 515 2732 τῇ
539 2637 662 2731 Ἰνδικῇ
689 2644 869 2731 ξυγγραφῇ
894 2640 1043 2728 δηλώσω.

239 2745 307 2813 Καὶ
340 2745 377 2812 ἐν
401 2743 509 2836 τοάτφ
536 2741 754 2824 Μουσικανὸς
785 2741 877 2836 αὐτῷ
910 2737 1094 2832 άφεστάναι
1107 2743 1142 2805 17

95 2875 121 2916 τε
139 2845 362 2932 ἐξηγγέλλετο.
389 2844 446 2914 καὶ
465 2845 520 2914 ἐπὶ
537 2849 659 2914 τοῦτον
676 2843 739 2932 μὲν
757 2845 914 2933 ἐκπέμπει
932 2852 1096 2915 Πείθωνα

134 2947 197 3014 τὸν
218 2942 401 3034 Ἀγήνορος
433 2944 607 3034 σατράπην
638 2947 701 3027 ξῦν
733 2951 870 3037 στρατιᾷ
904 2942 1094 3036 άποχράση.

136 3045 242 3126 αάτδς
260 3045 298 3115 δέ
315 3044 374 3126 τάς
388 3042 500 3127 πόλεις
517 3046 577 3127 τάς
589 3047 658 3115 άπδ
674 3049 883 3138 Μουσικανῷ
896 3048 1096 3135 τεταγμένας

137 3147 293 3217 ἐπελθοδν
305 3147 365 3228 τάς
374 3147 437 3236 μὲν
452 3148 738 3237 ἐξανδραποδίσας
752 3144 867 3217 αὐτῶν
876 3147 1096 3235 κατέσκαψεν,

137 3252 186 3328 είς
212 3245 252 3330 ἃς
278 3249 316 3319 δέ
342 3247 494 3338 φρουράς
520 3247 675 3336 εἰσήγαγε
700 3250 756 3318 καὶ
783 3247 888 3336 ἄκρας
916 3249 1094 3338 ἐξετείχισε.

99 3352 242 3418 εοταῦτα
279 3350 317 3421 δέ
354 3348 615 3440 διαπραξάμενος
649 3349 703 3418 ε’πλ
734 3349 771 3419 τὸ
804 3349 1030 3438 στρατόπεδόν
1060 3375 1096 3417 τε

141 3450 283 3539 ἐπανῆκε
308 3449 450 3520 καὶτὸν
476 3451 607 3521 στόλον.
645 3456 729 3520 ἔνθα
755 3449 797 3538 δὴ
815 3448 1033 3528 Μουσικανός
1057 3468 1127 3516 τεε

141 3550 348 3640 ξυλληφθεὶς
381 3550 494 3639 άγεται
527 3548 612 3643 πρὸς
645 3559 840 3639 Πείθωνος,
878 3552 936 3620 καὶ
975 3551 1097 3618 τοῦτον
