2664 3946
211 151 274 218 104
561 147 813 211 ΑΛΕΞΑΝΔΡον

210 294 268 364 καὶ
286 292 435 375 ἀκοόσας
458 289 521 364 ὅσα
539 291 632 385 αὐτῷ
652 294 736 383 πρδς
753 297 870 383 θυμοῦ
889 284 950 384 ἦν,
977 291 1022 376 τός
1042 302 1166 382 ἔλεγεν,

210 395 383 480 ἀνέζευξεν
398 394 445 466 ἐπ’
461 396 655 484 Αίγόπτου,
669 395 715 477 άς
724 395 788 483 μέν
797 394 1052 485 Ἀριστόβουλος
1066 399 1166 484 λέγει,

211 497 272 584 τὴν
290 495 398 584 αὐτὴν
415 497 524 568 ὀπίσω
541 497 635 592 ὁδόν,
654 496 698 576 ἀς
716 496 755 568 δέ
768 507 977 586 Πτολεμαῖος
994 497 1013 566 ό
1032 497 1166 586 Λάγου,

211 597 318 688 ἀλλην
336 597 476 668 εὐθεῖαν
495 597 540 678 ἀς
559 603 613 668 ἐπὶ
631 601 782 686 Μέμφιν,

180 709 203 777 5
288 709 351 780 Εἰς
368 702 506 788 Μέμφιν
519 699 557 769 δὲ
575 699 668 792 αὐτῷ
682 707 860 788 πρεσβεῖαί
869 726 905 769 τε
918 703 1040 769 πολλαὶ
1057 703 1093 770 εἰι
1107 703 1193 787 τῇςῡ

208 801 374 881 Ἑλλάδος
387 790 483 889 ἧκον,
499 803 558 870 καὶ
576 800 639 870 οόκ
654 807 742 870 ἔστιν
756 799 871 870 ὅντινα
888 800 1103 889 ἀτυχήσαντα
1117 793 1167 870 ὧν

214 907 319 973 ἐδεῖτο
333 901 519 991 ἀπέπεμψε,
536 904 593 972 καὶ
608 903 743 990 στρατιά
759 910 978 988 παραγίνεται
995 903 1086 992 παρά
1104 902 1167 990 μέν

209 1003 428 1094 Ἀντιπάτρου
454 1003 657 1094 μισθοφόροι
671 1001 849 1091 Ἕλλληνες
868 1007 901 1083 ές
917 1012 1167 1093 τετρακοσίους,

213 1097 261 1174 όιν
283 1105 396 1194 ἡγεῖτο
420 1110 572 1183 Μενίδας
601 1104 618 1174 ὁ
641 1103 892 1193 Ἡγησάνδρου,
917 1108 954 1174 ἐκ
977 1105 1112 1194 Θράκης
1129 1105 1167 1175 δὲ

214 1213 327 1286 λππεῑς
346 1210 379 1287 ἐς
397 1213 649 1292 πεντακοσίους,
668 1197 716 1274 ὧν
727 1197 828 1295 ἦρχεν
841 1205 1129 1295 Ἀσκληπιόδωρος
1147 1205 1165 1274 ὁ
1180 1225 1206 1266 ¹⁰

178 1307 376 1380 εΕόνίκου.
419 1311 568 1380 ἐνταῦθα
595 1307 674 1376 δόει
700 1309 748 1397 τῷ
782 1313 844 1378 Διῒ
870 1309 917 1398 τῷ
949 1315 1081 1396 βασιλεῖ
1109 1309 1167 1376 καὶ

213 1409 376 1497 πομπεύει
393 1409 457 1490 ξδν
474 1413 515 1496 τῇ
535 1411 671 1498 στρατιᾷ
692 1411 730 1478 έν
752 1423 824 1488 τοῖς
842 1406 956 1490 ὅπλοις
975 1412 1032 1478 καὶ
1050 1408 1167 1495 ἀγῶνα

213 1526 302 1586 ποιεί
320 1511 485 1598 γυμνικὸν
502 1511 560 1578 καὶ
578 1509 748 1596 μουσικόν.
784 1512 842 1578 καὶ
859 1508 900 1578 τά
917 1509 1002 1579 κατά
1018 1509 1080 1598 τὴν
1098 1519 1167 1580 Αλ-

212 1637 342 1699 γυπτον
353 1610 528 1698 ἐκόσμησε·
546 1611 611 1679 δόο
623 1610 686 1699 μὲν
694 1610 864 1699 νομάρχας
874 1611 1054 1698 Αίγόπτου
1068 1613 1167 1680 κατέ·
1319 1697 1320 1704 ¹

214 1734 333 1802 στησεν
359 1719 593 1800 Αἰγυπτίους,
622 1712 816 1782 Δολόασπιν
839 1714 897 1781 καὶ
923 1715 1078 1799 Πέτισιν,
1109 1714 1165 1781 καὶ
1179 1739 1205 1780 ιο
1319 1763 1320 1770 1

213 1813 345 1894 τούτοις
357 1815 497 1901 διένειμε
509 1813 572 1899 τὴν
584 1813 698 1900 χάραν
711 1813 772 1900 τὴν
785 1821 997 1900 Αἰγυπτίαν·
1012 1821 1166 1893 Πετίσιος

215 1915 253 1984 δὲ
282 1913 511 2002 ἀπειπαμένου
546 1915 609 2000 τὴν
639 1914 746 2002 ἀρχὴν
778 1915 970 1995 Δολόασπις
1002 1917 1168 2001 ἐκδέχεται

180 2018 336 2085 σπάσαν.
375 2015 617 2104 Φρουράρχους
643 2017 681 2085 δὲ
707 2020 776 2086 τῶν
801 2019 943 2106 ἑταίρων
968 2019 1005 2086 έν
1029 2018 1167 2104 Μέμφει

214 2117 277 2206 μέν
295 2118 534 2188 Πανταλέοντα
551 2119 728 2205 κατέστησε
744 2117 805 2188 τὸν
823 2123 1014 2205 Πυδναῖον,
1037 2121 1074 2186 ἐν
1092 2128 1167 2205 Πη-

215 2226 344 2310 λουσίῳ
367 2218 406 2288 δὲ
423 2220 611 2305 Πολέμωνα
635 2220 695 2286 τόν
718 2220 957 2306 Μεγακλέους,
982 2227 1166 2289 Πελλαῖον·
1180 2247 1206 2288 ιο

214 2323 283 2388 τῶν
301 2322 408 2402 ξένων
426 2319 463 2389 δέ
480 2317 594 2408 ἀρχειν
611 2325 767 2407 Λυκίδαν
780 2319 956 2406 Αἰτωλόν,
973 2320 1168 2408 γραμματέα

215 2421 254 2491 δὲ
272 2423 327 2491 έπλ
343 2425 413 2490 τῶν
431 2423 536 2502 ξένων
554 2419 758 2507 Εὔγνωστον
779 2421 839 2490 τὸν
856 2421 1074 2508 Ξενοφάντου
1098 2426 1168 2490 τῶν

217 2525 375 2611 ἑταίρων·
412 2522 612 2601 ἐπισκόπους
642 2523 680 2590 δὲ
710 2522 825 2591 αὐτῶν
851 2522 1026 2608 Αίσχάλον
1051 2523 1166 2591 τεκαὶ

181 2622 376 2711 ε’Ἑφιππον
393 2623 454 2692 τόν
473 2625 648 2694 Χαλκιδέα.
684 2624 812 2711 Λιβύης
836 2623 875 2693 δέ
890 2627 950 2710 τῆς
968 2623 1167 2713 προσχεόρου

215 2723 328 2810 ἄρχειν
346 2729 502 2811 δίδωσιν,
521 2723 747 2794 Ἀπολλοόνιον
766 2733 937 2813 Χαρίνου,
954 2723 1113 2813 Ἀραβίας
1130 2723 1168 2794 δέ
1181 2751 1207 2794 ιι

215 2828 275 2912 τῆς
293 2825 377 2913 πρός
391 2823 531 2910 Ἡράων
548 2825 642 2894 πόλει
659 2827 853 2914 Κλεομένην
870 2825 931 2894 τόν
949 2829 985 2895 έκ
1004 2823 1168 2914 Ναυκρά-

215 2944 301 3006 τιος·
340 2927 398 2994 καὶ
421 2926 531 3018 τοότφ
549 2929 794 3014 παρηγγέλλετο
814 2927 896 3007 τούς
919 2926 981 3015 μὲν
998 2927 1169 3015 νομάρχας

217 3030 279 3098 έάν
302 3023 416 3116 ἄρχειν
432 3029 502 3094 τῶν
521 3030 633 3115 νομῶν
649 3031 720 3096 τῶν
742 3028 826 3098 κατά
846 3032 935 3115 σφᾶς
959 3027 1113 3116 καθάπερ
1132 3031 1169 3097 ἐκ

217 3131 361 3198 παλαιοῦ
380 3129 600 3214 καθειστήκει,
617 3127 723 3198 αὐτὸν
741 3129 779 3199 δὲ
798 3132 943 3216 ἐκλέγειν
961 3128 1034 3214 παρ’
1055 3127 1170 3198 αὐτῶν

216 3230 298 3310 τούς
321 3229 467 3320 φόρους·
502 3235 539 3300 οί
564 3230 601 3300 δὲ
631 3229 813 3319 ἀποφέρειν
844 3229 936 3322 αὐτῷ
969 3230 1206 3319 ἐτάχθησανιο

184 3333 425 3421 σστρατηγοάς
451 3332 489 3401 δὲ
518 3335 560 3420 τῇ
592 3337 728 3421 στρατιᾷ
755 3333 954 3420 κατέστησεν
983 3329 1101 3418 ἥντινα
1133 3334 1170 3402 έν

220 3432 386 3528 Αίγάπτφ
399 3433 597 3504 ἀπελείπετο
608 3435 803 3504 Πευκέσταν
816 3459 851 3502 τε
864 3433 924 3502 τόν
938 3431 1168 3521 Μακαρτάτου
