2650 3948
186 277 188 282 ·
205 260 250 325 44
558 258 810 317 Ant-:Amor

207 407 248 492 τῇ
266 408 440 494 πολιορκίᾳ
453 401 510 470 καὶ
523 407 584 472 νοῶ
597 409 727 492 τείχους
740 399 777 472 τδ
791 400 853 490 μέν
865 427 896 470 τι
908 397 1166 481 καταπεπτωκδς

205 503 271 593 ήδη
284 501 439 593 ὁρῶντες,
457 501 494 572 τό
514 502 553 573 δὲ
569 505 625 572 καὶ
642 501 1113 591 κατασεσεισμένον,’πολλοῶς
1128 502 1166 572 δδ

206 611 275 674 τῶν
289 609 499 695 στρατιωτῶν
512 606 550 673 ἐν
562 619 634 685 ταῖς
648 607 825 694 ἐκδρομαῖς
837 603 916 684 τοδς
929 603 991 692 μὲν
1004 608 1165 692 διεφθαρ-

172 719 189 768 2
206 706 347 795 μένους,
373 704 453 786 τους
476 705 515 774 δὲ
532 707 589 774 καὶ
605 703 674 776 ὑπό
692 711 753 775 ταῶ
770 709 957 792 τετρῶσθαι
974 699 1166 794 ἀπομάχους

205 807 317 895 ὄντας,
333 812 439 876 ταῦτα
454 809 491 876 έν
503 811 554 900 νῷ
568 806 725 894 λαβόντες
739 805 824 896 ἀμφὶ
837 807 998 893 δευτέραν
1010 804 1165 895 φυλακήν
1191 829 1205 873 ε

205 915 264 996 τῆς
276 907 399 989 νυκτός
411 907 474 978 τόν
485 935 521 977 τε
538 907 673 990 ξύλινον
690 907 822 997 πόργου
839 905 881 978 δν
899 903 997 978 αάτολ
1015 904 1165 1001 ἀυτφκο-

207 1009 357 1098 δόμησαν
369 1023 441 1090 ταῖς
458 1023 621 1098 μηχαναῖς
636 1014 706 1078 τῶν
722 1015 892 1098 πολεμίων
911 1011 1091 1099 ἐμπιπρᾶσι
1108 1009 1165 1078 καὶ

205 1110 265 1192 τάς
284 1109 382 1190 στοάς
400 1114 438 1180 έν
455 1105 509 1191 αίς
525 1109 566 1180 τά
583 1111 664 1198 βέλη
682 1108 798 1190 αάτοίς
816 1108 978 1180 ἀπέκειτο.
1007 1111 1164 1196 εὐέβαλοι

172 1212 245 1281 ὅδὲ
268 1212 421 1292 καὶτοῖς
445 1217 566 1292 οἰκίαις
590 1218 660 1301 πῦρ
683 1226 757 1291 ταῖς
779 1218 923 1298 πλησίον
938 1217 1001 1280 τοῦ
1018 1217 1164 1298 τείχους·

206 1319 274 1383 τῶν
288 1313 326 1383 δέ
339 1313 396 1382 καὶ
413 1312 606 1403 προσήψατο
624 1311 644 1400 ή
663 1312 747 1399 φλόξ
765 1308 832 1382 άπό
849 1318 970 1400 τετῶν
984 1317 1092 1382 στοῶν
1109 1312 1166 1380 καὶ
1180 1339 1205 1380 ιο

209 1420 271 1484 τοῦ
284 1413 418 1502 πόργου
433 1411 538 1501 πολλή
553 1415 770 1502 ἐπενεχθεῑσα
783 1420 842 1483 καί
851 1441 883 1482 τι
895 1415 952 1482 καὶ
965 1419 1026 1483 τοῦ
1040 1410 1165 1501 άνέμου

205 1514 313 1606 ταάτη
338 1515 567 1604 ἐπιφέροντος·
607 1510 721 1584 αὐτῶν
743 1515 781 1584 δέ
798 1519 834 1584 οί
847 1513 910 1602 μὲν
928 1517 961 1594 ἐς
978 1512 1042 1602 τήν
1059 1514 1167 1602 ἄκραν

206 1615 268 1704 τήν
283 1620 320 1688 ἐν
331 1622 374 1707 τῇ
387 1615 480 1708 νήσφ
494 1613 726 1705 άπεχῶρησαν,
745 1620 781 1686 ολ
791 1615 830 1686 δὲ
845 1618 877 1696 ἐς
890 1615 953 1703 τήν
967 1621 1166 1705 Σαλμακίδα

172 1715 296 1788 λοότω
331 1718 551 1806 καλουμένην.
597 1715 804 1810 Ἀλεξάνδρῳ
836 1717 875 1786 δὲ
906 1715 951 1798 ῶς
983 1718 1166 1805 ἐξηγγέλθη

206 1825 312 1888 ταῦτα
330 1818 414 1908 πρός
431 1845 531 1888 τινων
548 1816 847 1908 αὐτομολησάντων
866 1821 902 1888 ἐκ
918 1825 980 1888 τοῦ
996 1827 1096 1907 ἔργου
1109 1819 1165 1886 καὶ
1179 1847 1205 1888 ιε

206 1919 243 1990 τδ
260 1925 331 2008 πῦρ
349 1917 436 1988 πολῶ
455 1919 611 2010 καθεῶρα
629 1917 743 2006 αότός,
761 1926 869 1990 καίτοι
884 1916 973 2008 ἀμφί
983 1945 1049 1990 που
1063 1921 1165 2008 μέσας

206 2020 330 2100 νύκτας
346 2013 391 2107 ήυ
406 2018 444 2089 τό
458 2020 668 2110 γιγνόμενον,
687 2019 705 2090 ό
719 2020 757 2090 δέ
771 2017 886 2101 καλῶς
902 2020 1074 2109 ἐξαγαγῶυ
1086 2019 1166 2100 τούς

207 2120 411 2202 Μακεδόνας
439 2120 518 2202 ταῦς
547 2121 610 2210 μέν
641 2129 689 2192 ἔτι
718 2121 944 2212 ἐμπιπράντας
972 2122 1035 2210 τήν
1067 2120 1167 2192 πόλιν

207 2228 366 2292 ἔκτεινεν·
406 2219 480 2292 ὅσοι
503 2222 542 2291 δέ
566 2225 603 2292 ἐν
622 2237 695 2303 ταῖς
718 2230 838 2302 οίκίαις
862 2220 1166 2312 καταλαμβάνοιντο

205 2329 275 2394 τῶν
284 2319 584 2413 Ἁλικαρνασσέων,
597 2323 739 2405 τούτους
753 2323 791 2394 δέ
806 2323 920 2408 σῶζειν
933 2324 1165 2415 παρήγγειλεν.
1178 2353 1206 2394 το

174 2435 191 2486 ⁵
273 2422 363 2512 Ἤδη
380 2452 416 2494 τε
433 2427 496 2506 ἕως
512 2423 679 2513 ὑπέφαινε
696 2426 753 2494 καλ
770 2424 917 2494 κατιδῶν
932 2424 992 2506 τάς
1009 2423 1113 2516 άκρας
1126 2421 1166 2505 ἀς

206 2529 242 2594 οἵ
251 2551 288 2596 τε
301 2529 429 2615 Πέρσαι
440 2528 497 2596 καὶ
510 2530 546 2596 οέ
555 2525 757 2616 μισθοφόροι
773 2525 1024 2614 κατειλήφεσαν,
1042 2525 1166 2606 ταυτας

206 2625 270 2714 μέν
279 2624 415 2714 ἀπέγνω
424 2637 626 2718 πολιορκεῖν,
639 2627 757 2716 τριβήν
765 2654 801 2697 τε
814 2630 958 2696 ἐπινοῶν
970 2625 1034 2697 οάκ
1047 2624 1167 2714 ὀλίγην

208 2733 350 2797 ἔσεσθαί
365 2733 400 2796 οί
415 2725 500 2817 ἀμφ’
519 2726 625 2808 αότάς
642 2735 684 2818 τῇ
701 2728 801 2817 φύσει
816 2735 886 2798 τῶν
902 2735 1037 2817 χωρίων
1054 2728 1111 2796 καὶ
1123 2724 1165 2798 οό

207 2825 299 2916 παρὰ
321 2829 407 2916 μέγα
430 2828 516 2898 εἶναι
539 2829 683 2910 ἐξελόντι
706 2832 743 2899 οί
761 2829 823 2917 τήν
846 2829 944 2899 πόλιν
962 2828 1026 2918 ήδη
1043 2835 1166 2900 πάσαν.
1179 2857 1206 2900 τε

173 2927 321 3012 ῦθάιγας
351 2929 389 2999 δὲ
414 2929 494 3010 τους
518 2927 752 3012 ἀποθανόντας
777 2934 814 3001 ἐν
835 2937 879 3021 τή
902 2932 1000 3000 νυκτὶ
1023 2930 1081 3011 τάς
1105 2931 1168 3020 μέν

207 3029 359 3118 μηχανάς
384 3033 416 3111 ές
440 3029 597 3119 Τράλλεις
621 3026 810 3119 άπαγαγελν
833 3033 986 3102 ἐκέλευσε
1012 3031 1093 3114 τούς
1112 3030 1165 3104 ἐπ’

207 3128 326 3211 αὐταῖς
346 3133 579 3219 τεταγμένους·
605 3130 707 3214 αάτός
724 3133 763 3203 δέ
779 3131 842 3222 τήν
860 3133 960 3202 πόλιν
978 3140 1026 3214 είς
1045 3140 1168 3224 ἔδαφος

206 3231 421 3315 κατασκάψας
439 3231 542 3321 ου’τής
559 3260 596 3304 τε
613 3232 735 3322 ταύτης
757 3236 814 3304 καλ
834 3240 893 3322 τής
915 3235 1020 3324 άλλης
1038 3243 1168 3325 Καρίας

208 3331 365 3420 φυλακήν
378 3332 606 3420 ἐγκαταλιπῶυ
618 3335 735 3417 ξένους
747 3335 810 3422 μέν
822 3334 941 3420 πεζοάς
953 3345 1166 3426 τρισχιλίους,
1181 3363 1206 3406 ω

210 3435 329 3514 ίππέας
360 3434 398 3504 δέ
429 3437 462 3516 ἐς
487 3440 679 3516 διακοσίους
703 3437 760 3505 καὶ
784 3444 997 3524 Πτολεμαῖον
1018 3436 1168 3527 ἡγεμόνα
1202 3447 1203 3451 ’

174 3533 322 3605 ’λαότῶν
341 3536 396 3604 ἐπὶ
415 3544 567 3627 Φρυγίας
586 3539 764 3607 ἐστέλλετο.
803 3539 862 3624 τῆς
880 3537 919 3606 δὲ
935 3545 1065 3628 Καρίας
1083 3542 1168 3627 ξυμ-
