2678 3950
244 213 310 280 270
602 209 853 272 ελεειιαιοον

245 372 286 443 δὲ
299 370 393 464 αύτῷ
407 369 557 459 ηγεμόνα
568 373 630 440 τοῦ
644 373 744 458 πλοῦ,
762 370 813 440 ὅτι
827 371 1039 459 πεφεύγεσαν
1052 375 1089 441 οί
1098 371 1220 460 ταύτῃ

245 471 357 558 Ἰνδοί,
384 471 581 561 άποράτερα
605 472 646 541 τά
663 474 725 541 τοῦ
744 472 916 542 κατάπλου
934 464 992 560 ἦν
1031 471 1157 560 ηιιμύν
1175 498 1221 540 τε

248 579 451 662 ἐπιγίγνεται
484 577 518 654 ἐς
549 573 610 662 τὴν
635 572 819 663 ὑστεραίαν
851 573 917 643 άπό
943 580 1002 661 τῆς
1028 572 1216 660 ἀναγωγῆς
1306 607 1307 622 ι

246 677 304 745 καὶ
330 674 348 744 ὁ
374 671 495 763 άνεμος
520 680 568 766 τῷ
595 673 664 766 βόφ
688 677 800 745 πνέων
816 672 1020 755 ὑπεναντίος
1036 673 1156 744 κοῖλόν
1174 700 1216 742 τε

248 780 352 848 ἐποίει
376 776 438 844 τὸν
463 775 614 864 ποταμόν
646 777 704 844 καὶ
737 777 777 844 τά
804 777 916 864 σκάφη
943 778 1091 863 διέσειεν,
1119 775 1241 844 ῦστετ
1307 777 1308 808 ³

249 878 418 965 ἐπόνησαν
432 875 523 968 αύτῷ
538 882 577 946 αί
591 885 743 946 πλεῖσται
759 881 828 945 τῦν
845 879 949 946 νεῶν·
975 881 1045 946 τῦν
1062 876 1100 946 δὲ
1112 904 1212 966 τρια·
1308 961 1309 964 ¹

247 978 420 1068 κοντόρων
446 983 533 1047 ἐστιν
550 985 590 1048 αθ
603 980 661 1047 καὶ
679 977 786 1066 πάντη
805 978 1020 1067 διελύθησαν.
1051 983 1212 1065 ἔφθασαν

247 1079 286 1150 δὲ
319 1082 552 1160 ἐποκείλαντες
578 1077 684 1158 αύτάς
710 1080 792 1169 πρὶν
818 1077 1009 1148 παντάπασι
1034 1084 1212 1148 διαπεσεῖν

213 1184 285 1257 οέν
310 1183 357 1274 τῷ
382 1177 490 1249 ῦδατι.
531 1182 638 1270 ἕτεραι
664 1171 729 1249 οῦν
756 1180 1018 1268 ξυνεπήγνυντο.
1054 1183 1112 1250 καὶ
1137 1186 1211 1248 τῦν
1310 1222 1311 1250 ι

247 1286 356 1365 φιλῶν
381 1281 463 1361 τοῦς
488 1281 721 1368 κουφοτάτους
750 1282 920 1369 ἐκπέμψας
940 1285 973 1362 ἐς
990 1281 1052 1368 τὴν
1071 1301 1206 1371 προσω-
1224 1308 1251 1348 ιι

246 1385 331 1470 τόρω
344 1385 402 1470 τῆς
410 1380 513 1470 ὄχθης
525 1381 638 1470 χάραν
652 1381 878 1472 ξυλλαμβάνει
890 1380 983 1463 τινάς
996 1384 1065 1451 τῦν
1074 1381 1208 1470 Ἰνδῶν,
1311 1410 1312 1434 ι

245 1485 303 1554 καὶ
329 1475 422 1552 οῦτοι
438 1482 476 1552 τό
497 1481 562 1550 άπδ
581 1488 682 1552 τοῦδε
701 1483 881 1570 ἐξηγοῦντο
898 1481 992 1574 αύτῷ
1009 1483 1071 1552 τδν
1088 1483 1206 1571 πόρον.

247 1583 293 1665 ῦς
319 1585 358 1654 δὲ
383 1574 466 1672 ἧκον
493 1588 613 1674 ἵναπερ
639 1581 810 1670 άναχεῑται
837 1587 870 1665 ἐς
893 1576 991 1672 εῦρος
1009 1581 1027 1652 ό
1046 1585 1207 1672 ποταμός,

247 1685 293 1765 ῦς
326 1687 384 1753 καὶ
417 1689 608 1765 διακοσίους
634 1684 740 1772 ταύτη
773 1691 931 1766 σταδίους
964 1686 1092 1772 ἐπέχειν
1117 1677 1208 1776 ᾗπερ

246 1785 427 1874 εὐρύτατος
454 1779 557 1866 αύτδς
583 1784 689 1855 αύτοῦ
715 1777 777 1875 ἦν,
808 1785 908 1856 τότε
934 1790 1066 1876 πνεῦμα
1091 1786 1208 1876 κατῄει
1222 1811 1249 1852 ιι

246 1887 331 1976 μέγα
356 1884 423 1954 άπὸ
449 1889 507 1974 τῆς
535 1887 596 1968 ἐξω
620 1885 793 1976 θαλάσσης
811 1890 868 1958 καλ
886 1892 925 1956 αί
939 1894 1047 1956 κῶπαι
1065 1891 1102 1958 ἐν
1120 1888 1205 1957 κλύ-

247 1993 329 2058 δωνι
366 1992 517 2073 χαλεπῶς
555 1983 760 2076 άνεφέροντο
799 1987 1050 2077 ξυμφεύγουσιν
1091 1982 1136 2058 αὖ
1173 1993 1209 2069 ἐς

248 2087 397 2176 διύρυχα
425 2090 458 2168 ἐς
483 2086 601 2175 ἥντινα
618 2095 655 2158 οί
668 2088 830 2178 ἡγεμόνες
847 2089 942 2181 αύτῷ
959 2089 1207 2178 καθηγήσαντο.

200 2194 237 2258 19
320 2188 488 2260 Ἐνταῦθα
520 2187 730 2278 ὁρμισάντων
762 2190 800 2258 τό
831 2190 973 2278 πάθημα
1005 2195 1209 2278 ἐπιγίγνεται

246 2294 304 2378 τῆς
321 2290 466 2379 μεγάλης
491 2289 665 2378 θαλάσσης
690 2289 711 2379 ἡ
735 2288 894 2378 ἄμπωτις,
922 2290 1005 2361 ῦστε
1031 2293 1086 2361 ἐπὶ
1103 2295 1207 2380 ξηροῦ
1221 2317 1247 2356 ιο

246 2387 500 2480 άπελείφθησαν
514 2389 630 2472 αῦτοῑς
648 2397 688 2461 αί
701 2394 788 2479 νῆες.
815 2395 987 2462 καὶτοῦτο
1005 2391 1100 2462 οῦτιω
1119 2393 1208 2481 πρό-

246 2520 344 2583 τερον
363 2492 528 2582 ἐγνωκόσι
542 2507 613 2573 τοῖς
631 2491 714 2583 ἄμφ’
732 2492 950 2583 Ἀλέξανδρον
970 2496 1127 2582 ἔκπληξιν
1144 2493 1208 2582 μέν

246 2597 304 2663 καὶ
338 2593 421 2664 αύτό
456 2593 497 2664 οῦ
525 2595 668 2683 σμικράν
693 2595 853 2683 παρέσχε·
894 2593 981 2664 πολῦ
1011 2595 1049 2664 δὲ
1085 2595 1127 2684 δὴ
1160 2601 1209 2665 ἔτι

246 2703 379 2784 μείζονα
406 2694 507 2764 ὁπότε
533 2695 728 2784 διελθούσης
754 2698 812 2782 τῆς
840 2692 927 2784 ῦρας
951 2696 1092 2785 προσῄει
1117 2698 1208 2766 τετὸ

213 2794 343 2886 εῦδωρ
376 2798 433 2866 καὶ
458 2795 499 2865 τά
526 2797 636 2883 σκάφη
664 2799 922 2885 ἐμετεωρίζοντο.
967 2796 1049 2878 όσας
1074 2797 1136 2885 μέν
1164 2798 1247 2886 δήιὸ

130 2951 132 2956 .
246 2899 315 2966 των
340 2903 428 2968 νεῦν
448 2901 484 2968 ἐν
501 2901 547 2988 τῷ
565 2899 659 2987 πηλῷ
679 2899 814 2986 ἑδραίας
831 2898 1026 2987 κατέλαβεν,
1052 2889 1153 2968 αῦται
1170 2901 1209 2969 δὲ

248 2998 404 3088 άβλαβῦς
436 3023 472 3066 τε
511 2999 797 3086 ἐμετεωρίσθησαν
829 3000 886 3066 καὶ
919 2999 1022 3068 οῦδέν
1060 2999 1209 3086 χαλεπόν

248 3102 419 3170 παθοῦσαι
438 3103 557 3166 ἔπλεον
575 3088 691 3178 αὖθις·
718 3096 792 3168 ὅσαι
810 3098 848 3168 δὲ
867 3103 904 3168 ἐν
921 3101 1081 3192 ξηροτέρα
1099 3127 1135 3171 τε
1159 3108 1208 3191 γῇ

248 3201 304 3270 καὶ
330 3198 372 3268 οῦ
399 3204 544 3286 βεβαίως
569 3198 631 3286 την
648 3199 764 3269 στάσιν
783 3207 918 3287 ἔχουσαι
935 3200 1206 3291 ύπελείφθηοαν,

249 3291 349 3370 αῦται
375 3299 413 3369 δὲ
439 3295 571 3390 άθρόου
600 3301 801 3382 ἐπελθόντος
827 3306 888 3371 τοῦ
915 3302 1063 3391 κύματος
1090 3308 1129 3372 αί
1143 3304 1207 3392 μὲν
1221 3332 1247 3372 ιο

250 3401 364 3472 αὐτῶν
392 3403 596 3490 ἐμπεσοῦσαι
622 3403 655 3482 ἐς
681 3400 840 3490 άλλήλας,
866 3407 905 3472 αἱ
927 3403 965 3472 δέ
990 3405 1075 3490 πρὸς
1100 3407 1141 3492 τῇ
1163 3411 1208 3496 γῇ

216 3521 234 3570 3
253 3502 452 3594 άραχθεΐσαι
470 3504 720 3592 ξυνετρίβησαν.
753 3503 876 3584 ταύτας
894 3529 929 3573 τε
947 3494 1011 3572 οῦν
1025 3505 1208 3575 ἐπεσκεύα-
