2590 3948
446 253 630 306 ιοεοιειε
648 259 674 317 τ,
694 259 734 308 ιν.
1004 255 1065 320 307

12 453 13 472 ι
104 411 216 500 μένοις
235 410 331 498 άγειν
348 409 551 491 Μακεδόνας
567 417 636 480 τῶν
654 410 866 500 ἀκμαζόντων
885 413 1066 484 ἐκέλευσεν,

12 539 13 546 “
105 521 227 583 ἔστειλε
253 511 292 581 δέ
317 511 375 581 καὶ
400 514 685 600 Πολυσπέρχοντα
711 513 796 600 ὁμοῦ
822 517 869 604 τῷ
893 517 1066 608 Κρατέρῳ,

12 643 14 658 ¹
105 610 264 700 δεύτερον
291 612 329 682 δὲ
355 610 422 681 άπό
441 615 615 702 Κρατέρου
639 611 797 702 ἡγεμόνα,
825 613 870 694 οἱς
889 625 921 684 εἰ
935 644 965 683 τι
982 615 1066 684 κατὰ

13 771 14 778 ,
104 713 167 802 τὴν
193 720 332 803 πορείαν
351 715 511 806 Κρατέρῳ
538 718 728 802 ξυμπίπτοι,
755 711 805 783 ότι
823 716 886 783 καὶ
909 722 1066 804 μαλακῶς

65 844 78 884 ι
104 815 141 886 τό
161 821 256 904 σῶμα
272 821 388 901 ἔχοντα
402 814 597 903 ἀπέπεμπεν
611 815 728 904 αύτόν,
746 816 791 904 μὴ
804 823 952 904 ποθῆσαι
964 838 1066 907 στρα-

13 949 16 960 ,
104 915 209 1006 τηγόν
234 915 314 996 τούς
342 915 464 997 ἰόντας.

182 1017 291 1104 Λόγος
326 1018 367 1085 δέ
389 1045 437 1098 τις
463 1019 521 1086 καί
547 1008 646 1098 οὗτος
674 1020 791 1105 ἐφοίτα
817 1014 949 1107 άφαυὴς
976 1018 1100 1109 παράσ

12 1155 15 1192 :
104 1135 176 1200 τοῖς
207 1121 248 1188 τά
291 1117 445 1208 βασιλικά
478 1118 675 1207 πράγματα,
715 1116 784 1210 ὅσῳ
820 1119 1066 1209 ἐπικρύπτεται,

104 1225 233 1312 τοσῷδε
251 1218 502 1309 φιλοτιμότερον
529 1220 771 1309 ἐξηγουμένοις,
803 1221 859 1288 καὶ
884 1220 921 1289 τό
949 1221 1067 1291 πιστδν

12 1371 14 1398 ;
67 1351 92 1389 ιο
107 1326 141 1402 ἐς
166 1321 204 1390 τό
231 1336 344 1410 χεῖρον
370 1323 511 1409 μᾶλλον,
538 1313 562 1410 ᾗ
587 1321 625 1389 τό
653 1319 743 1399 είκός
770 1323 887 1389 τεκαὶ
913 1314 1067 1408 ἡαύτιῖν

13 1465 16 1512 :
106 1429 275 1510 μοχθηρία
307 1421 399 1508 άγει,
437 1418 459 1508 ἢ
494 1419 577 1508 πρός
608 1418 645 1488 τό
681 1420 807 1510 άληθὲς
840 1424 1067 1512 ἐκτρέπουσιν,

12 1567 17 1602 2
108 1522 336 1611 ἐξηττώμενον
351 1520 570 1611 Ἀλέξανδρον
595 1519 659 1610 ἤδη
684 1527 742 1610 τῆς
767 1522 889 1613 μητρός
906 1527 976 1593 τῶν
994 1529 1068 1593 δια-

107 1628 220 1712 βολῶν
246 1627 315 1692 τοῖν
343 1627 375 1704 ἐς
398 1621 630 1712 Ἀντίπατρον,
664 1621 850 1706 ἀπαλλάξαι
877 1626 1005 1695 ἐθέλειν
1033 1628 1068 1694 ἐκ

12 1755 16 1807 3
109 1728 327 1804 Μακεδονίας
338 1720 568 1812 Ἀντίπατρον.
603 1725 660 1793 καὶ
677 1724 780 1812 τυχόν
798 1725 862 1795 ούκ
882 1728 915 1806 ἐς
934 1723 1101 1814 άτιμίαυ6

12 1877 17 1912 f
69 1853 94 1893 ιε
108 1825 170 1914 τὴν
194 1825 412 1914 Ἀντιπάτρου
438 1818 460 1911 ἡ
486 1824 693 1912 μετάπεμψις
711 1825 815 1895 αύτοῦ
835 1833 964 1912 ἔφερεν,
991 1825 1066 1896 ἀλλ’

14 1979 15 2012 3
113 1923 157 2003 οδς
170 1922 215 2011 μή
228 1949 259 1990 τι
275 1923 311 1990 ἐκ
323 1923 382 2006 τῆς
395 1920 561 2006 διαφορᾶς
575 1914 692 1997 αύτοίς
706 1917 836 2004 γένοιτο
850 1917 949 2009 ἄχαρι
963 1923 997 2000 ἐς
1011 1920 1071 1990 ιἰλ-

13 2081 17 2116 :
111 2023 236 2111 λη’λους
245 2022 302 2092 καὶ
318 2019 421 2091 οὐδὲν
436 2019 529 2110 αύτῷ
541 2019 682 2106 ἰάσιμον.
705 2020 776 2088 ἐπεὶ
791 2018 896 2090 ούδὲν
906 2022 1072 2091 ἐπαύοντο

14 2213 15 2216 ¹
104 2122 312 2214 Ἀλεξάνδρῳ
338 2120 526 2210 γράφοντες
552 2118 652 2209 όμέν
674 2118 737 2208 την
755 2118 941 2190 αὐθάδειάν
958 2147 994 2188 τε
1011 2123 1070 2205 τῆς

15 2289 16 2314 3
104 2222 330 2312 Ὀλυμπιάδος
365 2223 420 2291 καὶ
453 2219 598 2310 ὀξύτητα
636 2221 693 2291 καὶ
727 2219 1071 2309 πολυπραγμοσύνην,

15 2389 17 2418 ,
70 2324 229 2413 ιοῆκιστα
256 2323 298 2412 δὴ
324 2328 368 2413 τῇ
389 2321 613 2411 Ἀλεξάνδρου
631 2325 731 2410 μητρὶ
758 2320 960 2409 εὐσχήμονα,
987 2319 1071 2390 ὥστε

16 2489 17 2496 ,
108 2433 167 2496 καί
194 2433 294 2512 λόγος
319 2451 368 2504 τις
394 2424 527 2492 τοιόσδε
555 2423 690 2512 ἐφέρετο
704 2420 926 2510 Ἀλεξάνδρου
945 2420 999 2509 ἐφ’
1020 2416 1071 2502 οἷς

107 2525 198 2614 ύπδρ
230 2530 289 2612 τῆς
321 2523 445 2614 μητρός
471 2522 563 2616 αύτῷ
589 2523 817 2610 ἐξηγγέλλετο,
850 2522 937 2612 βαρύ
965 2521 1007 2610 δὴ
1033 2521 1071 2591 τό

17 2695 18 2698 ,
110 2631 257 2698 ἐνοίκων
283 2631 352 2694 τῶν
378 2625 459 2695 δέκα
476 2627 592 2712 μηνῶν
612 2624 870 2714 εἰσπράττεσθαι
887 2622 993 2694 αύτδν
1010 2623 1072 2711 τὴν

109 2729 252 2817 μητέρα·
295 2726 316 2814 ἡ
344 2727 394 2813 δέ,
419 2723 609 2813 ὑπέρογκον
635 2723 719 2794 εἶναι
745 2729 786 2813 τῇ
813 2753 849 2794 τε
866 2723 998 2806 άξιύσει
1014 2727 1103 2794 καὶ7

69 2856 96 2897 ιε
110 2835 154 2918 τῇ
182 2826 268 2918 άλλη
286 2835 451 2918 θεραπείᾳ
466 2821 684 2913 Ἀντίπατρον
702 2824 782 2896 ου’δέ·
799 2829 987 2914 μεμνῆσθαι
1012 2831 1072 2896 τοῦ

109 2929 377 3019 καταστήσαντος
395 2933 456 3016 ἔτι,
481 2923 556 2996 ἀλλ’
572 2924 676 2996 αὐτόν
693 2928 758 3015 γὰρ
773 2923 942 3010 ἀξιοῦντά
957 2930 1072 3017 πρῶτα

111 3032 274 3120 φέρεσθαι
288 3032 325 3099 έν
337 3043 407 3110 τοίς
420 3027 533 3109 ἄλλοις
547 3027 721 3099 Μακεδόσι
737 3056 773 3097 τε
786 3028 990 3115 καλἝλλησι.
1015 3027 1072 3097 καὶ

110 3135 218 3202 ταύτα
241 3129 371 3220 μᾶλλόν
387 3157 418 3199 τι
436 3130 564 3218 ίσχύειν
582 3128 660 3220 παρ’
677 3127 883 3223 Ἀλεξάνδρῳ
902 3131 1071 3216 ἐφαίνετο,

110 3233 179 3323 όσςο
195 3237 228 3314 ές
247 3236 310 3302 τοῦ
325 3230 543 3321 Ἀντιπάτρου
569 3231 632 3320 τὴν
658 3230 817 3318 διαβολὴν
844 3234 990 3320 φέροντα
1016 3221 1072 3322 ἦν,

71 3362 97 3403 ει
111 3330 167 3404 οἷα
184 3335 226 3422 δὴ
244 3335 301 3404 καὶ
319 3333 533 3422 φοβερώτερα
553 3335 589 3402 ἐν
606 3339 757 3422 βασιλείᾳ
775 3331 865 3401 ὄντα.
900 3329 941 3400 ού
961 3330 1073 3418 μέντοι

111 3436 302 3523 καταφανές
334 3435 377 3521 γε’
412 3463 442 3503 τι
482 3431 503 3522 ἢ
543 3441 641 3521 ἔργον
671 3429 692 3520 ἢ
727 3432 828 3519 λόγος
863 3433 1073 3522 ἐξηγγέλλετο

109 3531 332 3626 Ἀλεξάνδρου
361 3539 393 3619 ἐξ
420 3535 499 3605 ὅτου
526 3532 568 3604 ἄν
595 3562 642 3616 τις
667 3536 856 3623 συνέθηκεν
875 3534 937 3621 οὐχ
957 3531 1073 3602 ύσαύ-

814 3645 865 3698 20⁸
