2650 3948
206 239 251 306 4ss
562 239 816 296 εαοεεεαεου

175 397 192 449 ³
284 386 509 470 Παρμενίωνα
526 379 566 450 δέ
582 381 703 468 πέμπει
717 379 772 448 ἐπὶ
785 377 960 468 Σάρδεων,
979 376 1061 460 δούς
1075 375 1169 471 αύτῷ

206 488 275 553 τῶν
289 509 325 552 τε
339 485 480 571 ἑταίρων
494 486 678 571 ἱππαρχίαν
689 481 746 549 καὶ
758 479 838 562 τούς
848 479 1034 561 Θετταλούς
1049 483 1169 560 ἱππέας

207 586 265 654 καὶ
282 583 363 665 τούς
381 582 506 664 ἄλλους
523 581 714 671 ξυμμάχους
739 582 795 651 καί
824 579 883 662 τάς
907 579 1033 671 άμάξας
1056 581 1167 668 άγειν·

208 686 265 755 καλ
296 683 425 756 κελεύει
453 685 606 773 προϊέναι
633 678 699 752 άπό
726 682 889 772 Σάρδεων
922 684 977 753 ἐπὶ
1003 689 1168 773 Φρυγίαν.

208 783 310 866 αύτός
328 785 367 856 δὲ
385 785 440 855 ἐπὶ
455 792 585 865 Λυκίας
602 784 712 854 τεκαὶ
729 792 933 874 Παμφυλίας
950 783 1019 875 ᾔει,
1047 779 1092 865 εός
1109 788 1169 872 τῆς
1194 806 1209 848 ε

208 894 375 977 παραλίου
384 885 549 976 κρατήσας
558 883 694 974 άχρείον
706 891 907 974 καταστῆσαι
918 901 987 966 τοῖς
1001 895 1169 975 πολεμίοις

173 1057 174 1061 ,
208 986 246 1059 τό
269 986 439 1058 ναυτικόν.
476 987 532 1056 καλ
555 991 689 1076 πρῶτον
710 985 774 1076 μὲν
792 989 829 1056 ἐν
846 986 984 1080 παρόδῳ
1000 987 1168 1077 Ὕπαρνα,

207 1096 333 1178 χωρίον
351 1085 492 1178 ὀχυρόν,
519 1087 677 1176 φυλακην
695 1095 771 1177 ἐχον
789 1090 905 1170 ξένους
922 1087 1169 1184 μισθοφόρους,

209 1193 242 1274 ἐξ
266 1188 394 1278 ἐφόδου
418 1195 552 1276 ἔλαβεν·
591 1193 627 1258 οί
647 1187 682 1258 δ’
707 1193 743 1258 ἐκ
765 1195 825 1278 τῆς
848 1189 952 1280 άκρας
975 1189 1063 1272 ξένοι
1078 1187 1168 1259 ύπό-

210 1296 351 1362 σπονδοι
370 1293 523 1379 ἐξῆλθον.
563 1295 676 1362 ἔπειτα
694 1288 860 1378 είσβαλύυ
879 1294 912 1372 ἐς
929 1297 1062 1362 Λυκίαν
1084 1299 1167 1362 Τελ-
1183 1314 1208 1356 ιο

207 1394 345 1483 μισσέας
361 1391 425 1482 μὲν
441 1390 604 1482 ὁμολογία
620 1390 864 1480 προσηγάγετο·
891 1391 1037 1481 περάσας
1054 1391 1093 1462 δδ
1108 1391 1169 1462 τόν

208 1493 347 1576 Ξάνθου
368 1492 519 1581 ποταμόν
535 1499 671 1578 Πίναρα
687 1493 744 1562 καὶ
761 1490 900 1572 Ξάνθον
916 1490 981 1580 τήν
997 1493 1095 1564 πόλιν
1112 1494 1168 1564 καὶ

209 1595 351 1685 Πάταρα
363 1592 547 1664 ἐνδοθέντα
560 1599 680 1682 ἐλαβεν
688 1594 744 1662 καί
754 1590 840 1663 ἄλλα
850 1593 974 1664 ἐλάττω
983 1601 1169 1684 πολίσματα

209 1695 245 1778 ἐς
262 1695 449 1786 τριάκοντα.

176 1814 192 1862 ο
290 1803 404 1868 Ταῦτα
427 1793 636 1886 καταπράξας
660 1792 699 1867 ἐν
722 1791 812 1888 άκμῇ
835 1797 901 1886 ἤδη
924 1802 985 1868 τού
1007 1803 1167 1886 χειμῶνος
1181 1822 1207 1864 ιε

210 1896 245 1980 ἐς
261 1896 325 1987 τήν
339 1897 500 1974 Μιλυάδα
517 1899 729 1987 καλουμένην
746 1902 860 1986 χώραν
878 1897 1042 1988 ἐσβάλλει,
1061 1895 1083 1986 ἢ
1101 1904 1168 1968 ἐστι

209 2001 272 2091 μὲν
284 2005 342 2088 τῆς
354 1998 501 2088 μεγάλης
512 2006 674 2089 Φρυγίας,
689 2000 857 2081 ξυνετέλει
870 1999 908 2069 δέ
921 1996 956 2081 ἐς
964 1998 1027 2088 τὴν
1036 2005 1168 2070 Λυκίαν

209 2100 301 2187 τότε,
328 2100 435 2181 οὕτως
459 2098 497 2170 ἐκ
519 2100 679 2188 βασιλέως
702 2099 850 2188 μεγάλου
867 2101 1077 2189 τεταγμένον.
1111 2100 1167 2168 καὶ

210 2201 362 2274 ἐνταῦθα
387 2207 584 2289 Φασηλιτῶν
610 2201 763 2288 πρέσβεις
788 2193 871 2289 ἧκον
896 2203 975 2290 περὶ
998 2206 1109 2290 φιλίας
1131 2227 1168 2270 τε

209 2304 267 2374 καὶ
287 2308 404 2396 χρυσῷ
428 2300 582 2395 στεφάνφ
608 2307 819 2390 στεφανῶσαι
839 2301 1072 2390 Ἀλέξανδρον·
1111 2303 1207 2372 καίεο

210 2404 297 2496 ὑπὲρ
342 2411 412 2474 τείν
455 2401 570 2474 αὐτόν
611 2401 924 2494 ἐπικηρυκευόμενοι
965 2402 1168 2492 ἐπρέσβευον

177 2521 195 2571 ⁶
211 2513 349 2578 Λυκίων
365 2511 434 2576 τοῖν
451 2505 540 2576 κάτω
558 2507 594 2574 οί
607 2511 734 2575 πολλοί.
763 2503 977 2595 Ἀλέξανδρος
995 2506 1033 2576 δὲ
1049 2523 1167 2593 Φαση-

211 2614 304 2688 λίτας
326 2634 362 2676 τε
391 2608 448 2676 καὶ
470 2612 619 2686 Λυκίους
646 2611 858 2691 παραδοῦναι
877 2607 937 2688 τάς
967 2605 1078 2687 πόλεις
1098 2621 1168 2687 τοῖς

212 2707 270 2780 ἐπὶ
286 2706 394 2800 τούτῳ
413 2707 639 2795 στελλομένοις
657 2704 826 2778 ἐκέλευσε·
857 2709 914 2778 καὶ
931 2708 1169 2797 παρεδόθησαν

211 2808 390 2898 ξύμπασαι.
416 2805 518 2888 αὐτός
536 2807 574 2877 δέ
586 2804 703 2895 ὀλίγον
715 2807 858 2896 ὕστερον
871 2805 906 2890 ἐς
918 2807 980 2897 τὴν
996 2815 1168 2897 Φασηλίδα
1180 2831 1206 2874 ιε

211 2908 480 2999 παραγενόμενος
503 2910 693 2998 συνεξαιρεῖ
716 2907 831 2990 αὐτοῖς
849 2909 1014 2999 φρούριον
1031 2909 1168 3000 ὀχυρόν,

212 3010 508 3099 ἐπιτετειχισμένον
519 3015 561 3100 τῇ
575 3010 668 3102 χάρηι
681 3010 764 3100 πρός
777 3017 942 3099 Πισιδῶν,
960 3010 1044 3082 ὅθεν
1057 3009 1168 3102 ὁρμά·

212 3138 307 3202 μενοι
325 3116 361 3181 οί
380 3109 545 3202 βάρβαροι
568 3110 675 3182 πολλά
697 3119 863 3200 ἔβλαπτον
886 3118 956 3184 τῶν
975 3116 1170 3202 Φασηλιτῶν

211 3212 292 3292 τούς
315 3211 378 3300 τὴν
399 3217 464 3300 γῆν
482 3215 728 3302 ἐργαζομένους.

162 3324 204 3391 25
277 3313 349 3386 Ἔτι
368 3313 406 3385 δέ
425 3311 519 3408 αύτῷ
538 3315 615 3402 περὶ
627 3313 689 3402 τὴν
705 3320 879 3402 Φασηλίδα
892 3314 963 3386 ὅυτι
977 3316 1168 3404 ἐξαγγέλλε-
1182 3341 1206 3383 υ

212 3445 266 3486 ται
284 3413 505 3507 Ἀλέξανδρον
526 3413 587 3486 τόν
608 3413 770 3506 ’Λερόπου
796 3415 1041 3506 ἐπιβουλεύειν,
1071 3415 1113 3488 τά
1135 3445 1171 3490 τε

212 3515 299 3588 άλλα
320 3523 389 3587 τῶν
414 3519 553 3606 ἑταίρων
576 3514 657 3586 ὅντα
681 3517 738 3585 καί
761 3518 798 3586 ἐν
820 3524 867 3612 τῷ
890 3517 964 3588 τότε
988 3525 1169 3588 Θεσσαλόν
