2650 3948
219 245 264 310 64
573 240 823 298 mut-:Amor

220 382 323 466 αύτύς
345 412 382 455 τε
403 382 425 454 δ’
446 392 482 454 τί
501 410 562 471 περ
587 382 724 471 ἥδιστον
745 376 789 470 ήν
812 382 995 470 δοξασθέν,
1027 383 1060 463 ές
1076 387 1177 452 τούτο

220 482 284 556 ούκ
306 483 473 568 ἀκουσίως
500 479 640 574 ύπήχθη
663 485 720 553 καὶ
746 481 813 554 ύπδ
845 490 916 553 τοῖν
942 481 1022 553 καθ’
1048 480 1177 571 ἡδονήν

221 585 393 669 ξυνόντων
423 614 459 656 τε
488 588 546 655 καὶ
575 587 806 674 ξυνεσομένων
835 585 891 654 ε’πὶ
916 590 1009 678 κακῷ
1031 598 1100 665 τοῖς
1124 581 1177 654 ἀεὶ

221 687 457 777 βασιλεύουσιν
481 686 695 776 ἐπαιρόμενος
719 693 806 773 ἔγνω
827 687 941 776 μηκέτι
960 684 1178 774 Ἀλέξανδρον

187 790 352 864 σέθὲλειν
388 791 540 878 προϊέναι
574 793 636 858 τού
672 787 802 877 πρόσω·
854 783 929 856 ἀλλ’
966 781 1080 856 ὀκνεῖν
1110 786 1175 878 γάρ
1201 811 1215 855 ε

221 889 482 978 πυνθανόμενον
504 889 555 959 ὅτι
579 887 680 970 αύτδς
706 887 883 978 προσάγοι·
934 888 1177 976 καταπατήσειν

220 1021 256 1062 τε
285 998 329 1082 τῇ
359 996 449 1083 ἵππῳ
479 997 550 1061 τῶν
576 989 785 1060 Μακεδόνων
812 988 874 1077 τήν
897 988 1055 1078 στρατιάν
1076 989 1177 1070 ἀλλος

188 1116 205 1165 ε
222 1092 369 1163 ἄλλοθεν
382 1089 472 1185 αύτῷ
486 1088 679 1183 ἐπαίροντες
693 1097 823 1177 ἔλεγον·
841 1097 1001 1177 καίτοιγε
1014 1089 1176 1179 Ἀμύντας

220 1193 313 1283 ήξειν
337 1219 374 1262 τε
395 1192 614 1282 Ἀλέξανδρον
640 1198 822 1281 ἰσχυρίζετο
849 1187 933 1261 ὅπου
956 1188 1000 1260 ἀν
1030 1191 1178 1279 πύθηται

221 1309 370 1384 Δαρεῖον
383 1292 476 1381 ὄντα,
494 1294 551 1363 καί
567 1291 673 1364 αύτού
688 1294 885 1382 προσμένειν
903 1289 1065 1364 ἐκέλευεν.
1091 1292 1176 1362 ἀλλά
1189 1317 1215 1360 ιο

221 1395 262 1465 τά
293 1403 394 1485 χείρω
420 1400 564 1485 μᾶλλον,
595 1393 647 1464 ὅτι
669 1395 726 1463 καὶ
749 1391 789 1464 έν
809 1399 856 1486 τῷ
878 1403 1069 1480 παραυτίκα
1091 1393 1177 1482 ήδίω

222 1495 364 1566 ἀκούσαι
391 1489 454 1584 ήν,
487 1501 615 1566 ἔπειθε·
659 1505 718 1564 καί
743 1523 776 1564 τι
798 1495 855 1564 καὶ
877 1494 1050 1583 δαιμόνων
1073 1493 1178 1585 τυχόν

219 1591 303 1686 ήγεν
327 1595 431 1667 αύτδν
454 1603 502 1678 είς
525 1594 656 1666 ἐκεῖνον
679 1595 740 1666 τόν
763 1601 875 1684 χοῖρον
898 1589 942 1666 ού
964 1597 1045 1684 μήτε
1063 1594 1101 1668 ἐκ
1117 1603 1177 1685 τής

220 1704 327 1769 ἵππου
357 1696 464 1786 πολλή
488 1695 632 1786 ἀφέλεια
655 1695 749 1791 αύτῷ
772 1694 920 1786 ἐγένετο,
950 1697 1032 1788 μήτε
1056 1696 1093 1770 ἐκ
1115 1701 1176 1768 τοῦ

220 1799 374 1887 πλήθους
388 1797 495 1868 αύτού
507 1804 575 1868 τῶν
591 1827 627 1868 τε
644 1796 837 1888 ἀνθρώπων
853 1799 910 1869 καὶ
926 1827 995 1870 ταν
1012 1797 1177 1869 ἀκοντίων
1189 1829 1215 1870 ιι

220 1927 258 1970 τε
275 1901 331 1968 καὶ
343 1899 565 1989 τοξευμάτων,
583 1899 668 1989 μηδὲ
683 1898 746 1988 τήν
763 1899 977 1990 λαμπρότητα
994 1899 1101 1988 αύτήν
1118 1907 1176 1988 τής

221 2008 375 2092 στρατιάς
393 1999 552 2084 ἐπιδείξαι
563 1998 732 2089 ἠδυνήθη,
750 1999 834 2071 ἀλλά
849 1999 1054 2095 Ἀλεξάνδρω
1071 2003 1177 2071 τεκαὶ

220 2117 291 2183 τοῖς
321 2099 405 2192 ἀμφ’
438 2100 542 2173 αύτδν
571 2101 726 2192 εύμαροῖς
754 2100 817 2191 τήν
846 2110 944 2192 νίκην
972 2104 1176 2194 παρέδωκεν.

188 2198 323 2294 λέχρήν
345 2203 410 2294 γάρ
432 2202 498 2293 ήδη
520 2203 576 2272 καί
595 2206 729 2290 Πέρσας
747 2203 829 2293 πρός
846 2203 1057 2275 Μακεδόνων
1074 2203 1175 2293 ἀφαι·

222 2313 364 2396 ρεθήναι
379 2311 437 2394 τής
452 2303 564 2386 Ἀσίας
580 2304 643 2392 τήν
660 2301 784 2394 ἀρχήν,
808 2305 961 2393 καθάπερ
978 2299 1042 2376 ούν
1060 2311 1176 2394 Μήδοι
1187 2333 1213 2375 ιο

201 2427 204 2432 ’
221 2407 284 2497 μὲν
301 2407 385 2499 πρὸς
402 2413 546 2497 Περσῶν
563 2404 802 2498 ἀφῃρέθησαν,
819 2405 902 2498 πρός
920 2408 1053 2496 Μήδων
1069 2412 1112 2498 δή
1130 2414 1178 2478 ἔτι

222 2516 414 2598 ἔμπροσθεν
427 2506 602 2597 Ἀσσύριοι.

179 2620 199 2687 λ
293 2605 509 2698 ’Τπερβαλιδν
534 2607 576 2697 δή
601 2607 639 2678 τδ
674 2607 752 2700 ὅρος
775 2623 919 2698 Δαρεῖος
943 2609 981 2680 τδ
1007 2610 1090 2682 κατά
1116 2612 1176 2694 τάς

222 2709 330 2792 πύλας
365 2709 425 2791 τάς
459 2709 636 2798 Ἀμανικάς
672 2711 878 2799 καλουμένας
909 2705 953 2793 ύς
984 2707 1041 2782 ἐπὶ
1067 2711 1176 2784 Ἰσσδν

221 2819 362 2900 προῆγε·
405 2811 461 2880 καὶ
484 2806 616 2898 ἐγένετο
639 2811 779 2881 κατόπιν
804 2807 1022 2904 Ἀλεξάνδρου
1049 2815 1212 2884 λαθοίατο

220 2911 284 2999 τήν
297 2915 335 2982 δὲ
350 2909 460 2982 Ἰσσόν
472 2909 660 3000 κατασχόν,
677 2911 778 2994 όσονς
792 2913 846 2982 διά
859 2911 961 2985 νόσον
978 2914 1175 3003 ὑπολελειμ-

221 3013 345 3104 μένους
371 3010 478 3083 αύτού
501 3018 570 3083 τοῖν
594 3014 805 3084 Μακεδόνων
829 3017 1005 3104 κατέλαβε,
1035 3015 1176 3098 τούτους

220 3118 373 3204 χαλεπῶς
396 3113 607 3204 αἰκισάμενος
632 3111 839 3187 ἀπέκτεινεν·
877 3114 912 3199 ές
937 3115 976 3188 δὲ
996 3115 1059 3206 τήν
1074 3115 1175 3187 δστε·

222 3224 322 3305 ραίαν
351 3214 538 3306 προύχύρει
568 3212 623 3287 ἐπὶ
653 3217 713 3288 τόν
743 3216 892 3307 ποταμδν
922 3218 982 3288 τόν
1012 3225 1177 3308 Πίναρον

188 3319 279 3387 εκαδ
298 3316 513 3409 Ἀλέξανδρος
538 3315 583 3400 ύς
599 3316 746 3406 ἤκουσεν
769 3313 809 3389 ἔν
825 3325 878 3411 τῷ
903 3317 1044 3389 ὄπισθεν
1068 3318 1174 3392 αὑτοῦ
1187 3349 1213 3392 ιι

222 3416 302 3489 ὄντα
315 3434 474 3510 Δαρείου,
492 3417 564 3490 ἐπεὶ
577 3419 618 3491 ού
632 3419 745 3502 πιστός
758 3414 852 3513 αύτῷ
865 3413 884 3489 ό
898 3419 995 3508 λόγος
1009 3417 1176 3512 ἐφαίνετο,

222 3517 423 3611 ἀναβιβάσας
441 3527 488 3604 είς
505 3521 739 3613 τριακόντορον
751 3527 819 3591 τάν
833 3523 973 3613 ἑταίρων
985 3521 1076 3605 τινάς
1090 3523 1175 3596 ἀπο·
