<?xml version="1.0" encoding="UTF-8"?>
<!DOCTYPE html PUBLIC "-//W3C//DTD XHTML 1.0 Transitional//EN"
    "http://www.w3.org/TR/xhtml1/DTD/xhtml1-transitional.dtd">
<html xmlns="http://www.w3.org/1999/xhtml" xml:lang="en" lang="en">
 <head>
  <title>
</title>
<meta http-equiv="Content-Type" content="text/html;charset=utf-8" />
  <meta name='ocr-system' content='tesseract 3.04.00' />
  <meta name='ocr-capabilities' content='ocr_page ocr_carea ocr_par ocr_line ocrx_word'/>
</head>
<body>
  <div class='ocr_page' id='page_1' title='image "./arrianianabasis00abicgoog_0133.png"; bbox 0 0 2664 3946; ppageno 0'>
   <div class='ocr_carea' id='block_1_1' title="bbox 212 182 814 254">
    <p class='ocr_par' dir='ltr' id='par_1_1' title="bbox 212 182 814 254">
     <span class='ocr_line' id='line_1_1' title="bbox 212 182 814 254; baseline -0.002 -14"><span class='ocrx_word' id='word_1_1' title='bbox 212 185 274 254; x_wconf 80' lang='lat'><strong><em>102</em></strong></span> <span class='ocrx_word' id='word_1_2' title='bbox 563 182 814 246; x_wconf 73' lang='grc' dir='ltr'><strong><em>εεεΞιαΔεου</em></strong></span> 
     </span>
    </p>
   </div>
   <div class='ocr_carea' id='block_1_2' title="bbox 175 325 1204 2845">
    <p class='ocr_par' dir='ltr' id='par_1_2' title="bbox 209 325 1166 520">
     <span class='ocr_line' id='line_1_2' title="bbox 209 325 1166 418; baseline -0.002 -18"><span class='ocrx_word' id='word_1_3' title='bbox 209 327 273 418; x_wconf 73' lang='grc' dir='ltr'><strong><em>μέν</em></strong></span> <span class='ocrx_word' id='word_1_4' title='bbox 297 329 353 400; x_wconf 84' lang='grc' dir='ltr'><strong><em>έττλ</em></strong></span> <span class='ocrx_word' id='word_1_5' title='bbox 375 326 439 416; x_wconf 85' lang='grc' dir='ltr'><strong><em>τήν</em></strong></span> <span class='ocrx_word' id='word_1_6' title='bbox 457 328 611 418; x_wconf 81' lang='grc' dir='ltr'><strong><em>Γοργόνα</em></strong></span> <span class='ocrx_word' id='word_1_7' title='bbox 632 325 687 397; x_wconf 84' lang='grc' dir='ltr'><strong><em>ὅτε</em></strong></span> <span class='ocrx_word' id='word_1_8' title='bbox 704 327 788 417; x_wconf 80' lang='grc' dir='ltr'><strong><em>πρὸς</em></strong></span> <span class='ocrx_word' id='word_1_9' title='bbox 806 328 1025 399; x_wconf 74' lang='grc' dir='ltr'><strong><em>Πολυδέκτου</em></strong></span> <span class='ocrx_word' id='word_1_10' title='bbox 1052 329 1166 399; x_wconf 78' lang='grc' dir='ltr'><strong><em>ἐστέλ-</em></strong></span> 
     </span>
     <span class='ocr_line' id='line_1_3' title="bbox 210 427 1166 520; baseline 0 -21"><span class='ocrx_word' id='word_1_11' title='bbox 210 438 303 518; x_wconf 88' lang='grc' dir='ltr'><strong><em>λετο,</em></strong></span> <span class='ocrx_word' id='word_1_12' title='bbox 326 429 388 498; x_wconf 88' lang='grc' dir='ltr'><strong><em>τόν</em></strong></span> <span class='ocrx_word' id='word_1_13' title='bbox 405 430 444 500; x_wconf 73' lang='grc' dir='ltr'><strong><em>δέ</em></strong></span> <span class='ocrx_word' id='word_1_14' title='bbox 461 427 516 500; x_wconf 82' lang='grc' dir='ltr'><strong><em>ὅτε</em></strong></span> <span class='ocrx_word' id='word_1_15' title='bbox 533 428 613 517; x_wconf 81' lang='grc' dir='ltr'><strong><em>παρ’</em></strong></span> <span class='ocrx_word' id='word_1_16' title='bbox 635 427 791 500; x_wconf 81' lang='grc' dir='ltr'><strong><em>Ἀνταίον</em></strong></span> <span class='ocrx_word' id='word_1_17' title='bbox 815 427 869 517; x_wconf 84' lang='grc' dir='ltr'><strong><em>ήει</em></strong></span> <span class='ocrx_word' id='word_1_18' title='bbox 893 436 942 510; x_wconf 85' lang='grc' dir='ltr'><strong><em>είς</em></strong></span> <span class='ocrx_word' id='word_1_19' title='bbox 959 428 1092 520; x_wconf 77' lang='grc' dir='ltr'><strong><em>Λιβύην</em></strong></span> <span class='ocrx_word' id='word_1_20' title='bbox 1108 431 1166 499; x_wconf 83' lang='grc' dir='ltr'><strong><em>καλ</em></strong></span> 
     </span>
    </p>

    <p class='ocr_par' dir='ltr' id='par_1_3' title="bbox 176 529 1192 1228">
     <span class='ocr_line' id='line_1_4' title="bbox 176 529 1166 624; baseline 0.004 -26"><span class='ocrx_word' id='word_1_21' title='bbox 176 547 193 598; x_wconf 75' lang='lat'><strong><em>2</em></strong></span> <span class='ocrx_word' id='word_1_22' title='bbox 211 529 301 620; x_wconf 76' lang='grc' dir='ltr'><strong><em>παρὰ</em></strong></span> <span class='ocrx_word' id='word_1_23' title='bbox 309 529 722 620; x_wconf 84' lang='grc' dir='ltr'><strong><em>ΒοόσιρινείςΑίγυτιτον.</em></strong></span> <span class='ocrx_word' id='word_1_24' title='bbox 739 530 990 624; x_wconf 74' lang='grc' dir='ltr'><strong><em>Ἀλεξάνόρφδέ</em></strong></span> <span class='ocrx_word' id='word_1_25' title='bbox 996 539 1166 619; x_wconf 89' lang='grc' dir='ltr'><strong><em>φιλοτιμία</em></strong></span> 
     </span>
     <span class='ocr_line' id='line_1_5' title="bbox 209 624 1164 722; baseline 0 -20"><span class='ocrx_word' id='word_1_26' title='bbox 209 624 252 718; x_wconf 86' lang='grc' dir='ltr'><strong><em>ήν</em></strong></span> <span class='ocrx_word' id='word_1_27' title='bbox 268 630 355 721; x_wconf 85' lang='grc' dir='ltr'><strong><em>ιτρός</em></strong></span> <span class='ocrx_word' id='word_1_28' title='bbox 369 633 502 722; x_wconf 85' lang='grc' dir='ltr'><strong><em>Περσέα</em></strong></span> <span class='ocrx_word' id='word_1_29' title='bbox 515 633 572 701; x_wconf 80' lang='grc' dir='ltr'><strong><em>καί</em></strong></span> <span class='ocrx_word' id='word_1_30' title='bbox 582 630 737 719; x_wconf 86' lang='grc' dir='ltr'><strong><em>Ἡραλέα,</em></strong></span> <span class='ocrx_word' id='word_1_31' title='bbox 754 629 821 700; x_wconf 79' lang='grc' dir='ltr'><strong><em>ἀπὸ</em></strong></span> <span class='ocrx_word' id='word_1_32' title='bbox 835 633 958 719; x_wconf 85' lang='grc' dir='ltr'><strong><em>γένους</em></strong></span> <span class='ocrx_word' id='word_1_33' title='bbox 970 657 1006 702; x_wconf 83' lang='grc' dir='ltr'><strong><em>τε</em></strong></span> <span class='ocrx_word' id='word_1_34' title='bbox 1019 630 1091 701; x_wconf 88' lang='grc' dir='ltr'><strong><em>όντι</em></strong></span> <span class='ocrx_word' id='word_1_35' title='bbox 1103 635 1164 702; x_wconf 79' lang='grc' dir='ltr'><strong><em>τοῦ</em></strong></span> 
     </span>
     <span class='ocr_line' id='line_1_6' title="bbox 210 731 1192 822; baseline -0.003 -21"><span class='ocrx_word' id='word_1_36' title='bbox 210 733 341 822; x_wconf 77' lang='grc' dir='ltr'><strong><em>ἀμφοῖν</em></strong></span> <span class='ocrx_word' id='word_1_37' title='bbox 359 741 419 802; x_wconf 88' lang='grc' dir='ltr'><strong><em>καί</em></strong></span> <span class='ocrx_word' id='word_1_38' title='bbox 432 760 465 801; x_wconf 91' lang='grc' dir='ltr'><strong><em>τι</em></strong></span> <span class='ocrx_word' id='word_1_39' title='bbox 481 735 538 802; x_wconf 79' lang='grc' dir='ltr'><strong><em>καὶ</em></strong></span> <span class='ocrx_word' id='word_1_40' title='bbox 556 731 661 812; x_wconf 79' lang='grc' dir='ltr'><strong><em>αὐτὸς</em></strong></span> <span class='ocrx_word' id='word_1_41' title='bbox 673 734 732 820; x_wconf 83' lang='grc' dir='ltr'><strong><em>τής</em></strong></span> <span class='ocrx_word' id='word_1_42' title='bbox 744 734 906 820; x_wconf 85' lang='grc' dir='ltr'><strong><em>γενέσεως</em></strong></span> <span class='ocrx_word' id='word_1_43' title='bbox 918 737 978 822; x_wconf 85' lang='grc' dir='ltr'><strong><em>τής</em></strong></span> <span class='ocrx_word' id='word_1_44' title='bbox 993 735 1116 804; x_wconf 81' lang='grc' dir='ltr'><strong><em>ἑαυτοῦ</em></strong></span> <span class='ocrx_word' id='word_1_45' title='bbox 1132 737 1192 814; x_wconf 80' lang='grc' dir='ltr'><strong><em>ἐςε</em></strong></span> 
     </span>
     <span class='ocr_line' id='line_1_7' title="bbox 200 832 1166 924; baseline 0 -20"><span class='ocrx_word' id='word_1_46' title='bbox 200 832 365 923; x_wconf 72' lang='grc' dir='ltr'><strong><em>Ἀμμοινα</em></strong></span> <span class='ocrx_word' id='word_1_47' title='bbox 379 834 534 923; x_wconf 84' lang='grc' dir='ltr'><strong><em>ἀνέφερε,</em></strong></span> <span class='ocrx_word' id='word_1_48' title='bbox 551 833 705 924; x_wconf 76' lang='grc' dir='ltr'><strong><em>καθάιιερ</em></strong></span> <span class='ocrx_word' id='word_1_49' title='bbox 720 839 757 902; x_wconf 94' lang='grc' dir='ltr'><strong><em>οί</em></strong></span> <span class='ocrx_word' id='word_1_50' title='bbox 765 839 871 922; x_wconf 75' lang='grc' dir='ltr'><strong><em>μῦθοι</em></strong></span> <span class='ocrx_word' id='word_1_51' title='bbox 887 833 949 921; x_wconf 84' lang='grc' dir='ltr'><strong><em>τήν</em></strong></span> <span class='ocrx_word' id='word_1_52' title='bbox 963 833 1166 922; x_wconf 75' lang='grc' dir='ltr'><strong><em>Ἡρακλέους</em></strong></span> 
     </span>
     <span class='ocr_line' id='line_1_8' title="bbox 210 926 1166 1024; baseline 0.002 -20"><span class='ocrx_word' id='word_1_53' title='bbox 210 962 246 1004; x_wconf 91' lang='grc' dir='ltr'><strong><em>τε</em></strong></span> <span class='ocrx_word' id='word_1_54' title='bbox 270 937 328 1004; x_wconf 79' lang='grc' dir='ltr'><strong><em>καὶ</em></strong></span> <span class='ocrx_word' id='word_1_55' title='bbox 353 937 511 1023; x_wconf 85' lang='grc' dir='ltr'><strong><em>Περσέος</em></strong></span> <span class='ocrx_word' id='word_1_56' title='bbox 542 938 576 1016; x_wconf 82' lang='grc' dir='ltr'><strong><em>ές</em></strong></span> <span class='ocrx_word' id='word_1_57' title='bbox 603 942 682 1006; x_wconf 90' lang='grc' dir='ltr'><strong><em>Δία.</em></strong></span> <span class='ocrx_word' id='word_1_58' title='bbox 723 937 782 1004; x_wconf 84' lang='grc' dir='ltr'><strong><em>καλ</em></strong></span> <span class='ocrx_word' id='word_1_59' title='bbox 812 926 877 1005; x_wconf 84' lang='grc' dir='ltr'><strong><em>οὖν</em></strong></span> <span class='ocrx_word' id='word_1_60' title='bbox 907 934 988 1024; x_wconf 81' lang='grc' dir='ltr'><strong><em>παρ’</em></strong></span> <span class='ocrx_word' id='word_1_61' title='bbox 1002 934 1166 1024; x_wconf 80' lang='grc' dir='ltr'><strong><em>Ἀμμοτνα</em></strong></span> 
     </span>
     <span class='ocr_line' id='line_1_9' title="bbox 210 1034 1166 1126; baseline 0.002 -22"><span class='ocrx_word' id='word_1_62' title='bbox 210 1036 317 1126; x_wconf 88' lang='grc' dir='ltr'><strong><em>ταότη</em></strong></span> <span class='ocrx_word' id='word_1_63' title='bbox 330 1041 371 1125; x_wconf 81' lang='grc' dir='ltr'><strong><em>τῇ</em></strong></span> <span class='ocrx_word' id='word_1_64' title='bbox 386 1035 504 1126; x_wconf 84' lang='grc' dir='ltr'><strong><em>γυιόμη</em></strong></span> <span class='ocrx_word' id='word_1_65' title='bbox 519 1037 701 1123; x_wconf 72' lang='grc' dir='ltr'><strong><em>ἐστέλλετο,</em></strong></span> <span class='ocrx_word' id='word_1_66' title='bbox 720 1034 766 1116; x_wconf 75' lang='grc' dir='ltr'><strong><em>τίς</em></strong></span> <span class='ocrx_word' id='word_1_67' title='bbox 778 1038 836 1106; x_wconf 83' lang='grc' dir='ltr'><strong><em>καὶ</em></strong></span> <span class='ocrx_word' id='word_1_68' title='bbox 848 1036 889 1105; x_wconf 88' lang='grc' dir='ltr'><strong><em>τά</em></strong></span> <span class='ocrx_word' id='word_1_69' title='bbox 907 1035 1014 1106; x_wconf 74' lang='grc' dir='ltr'><strong><em>αὐτοῦ</em></strong></span> <span class='ocrx_word' id='word_1_70' title='bbox 1028 1037 1166 1126; x_wconf 87' lang='grc' dir='ltr'><strong><em>ἀτρεκέ-</em></strong></span> 
     </span>
     <span class='ocr_line' id='line_1_10' title="bbox 211 1133 954 1228; baseline -0.003 -20"><span class='ocrx_word' id='word_1_71' title='bbox 211 1157 328 1228; x_wconf 88' lang='grc' dir='ltr'><strong><em>στερον</em></strong></span> <span class='ocrx_word' id='word_1_72' title='bbox 346 1137 517 1226; x_wconf 74' lang='grc' dir='ltr'><strong><em>εἰσόμενος</em></strong></span> <span class='ocrx_word' id='word_1_73' title='bbox 534 1133 556 1224; x_wconf 81' lang='grc' dir='ltr'>ἢ</span> <span class='ocrx_word' id='word_1_74' title='bbox 573 1136 691 1225; x_wconf 82' lang='grc' dir='ltr'><strong><em>φήσειν</em></strong></span> <span class='ocrx_word' id='word_1_75' title='bbox 708 1164 747 1223; x_wconf 91' lang='grc' dir='ltr'><strong><em>γε</em></strong></span> <span class='ocrx_word' id='word_1_76' title='bbox 765 1139 954 1224; x_wconf 77' lang='grc' dir='ltr'><strong><em>ἐγνωκέναι.</em></strong></span> 
     </span>
    </p>

    <p class='ocr_par' dir='ltr' id='par_1_4' title="bbox 176 1237 1204 1733">
     <span class='ocr_line' id='line_1_11' title="bbox 176 1237 1204 1328; baseline -0.001 -24"><span class='ocrx_word' id='word_1_77' title='bbox 176 1254 193 1304; x_wconf 78' lang='grc'>3</span> <span class='ocrx_word' id='word_1_78' title='bbox 285 1239 397 1328; x_wconf 83' lang='grc' dir='ltr'><strong><em>Μέχρι</em></strong></span> <span class='ocrx_word' id='word_1_79' title='bbox 413 1238 477 1327; x_wconf 78' lang='grc' dir='ltr'><strong><em>μέν</em></strong></span> <span class='ocrx_word' id='word_1_80' title='bbox 498 1239 540 1326; x_wconf 77' lang='grc' dir='ltr'><strong><em>δή</em></strong></span> <span class='ocrx_word' id='word_1_81' title='bbox 558 1246 787 1326; x_wconf 81' lang='grc' dir='ltr'><strong><em>Παραιτονίου</em></strong></span> <span class='ocrx_word' id='word_1_82' title='bbox 811 1241 901 1326; x_wconf 86' lang='grc' dir='ltr'><strong><em>τιαρά</em></strong></span> <span class='ocrx_word' id='word_1_83' title='bbox 918 1239 1096 1308; x_wconf 76' lang='grc' dir='ltr'><strong><em>θάλασσαν</em></strong></span> <span class='ocrx_word' id='word_1_84' title='bbox 1114 1237 1166 1328; x_wconf 86' lang='grc' dir='ltr'><strong><em>ήει</em></strong></span> <span class='ocrx_word' id='word_1_85' title='bbox 1179 1265 1204 1304; x_wconf 83' lang='grc' dir='ltr'><strong><em>ιο</em></strong></span> 
     </span>
     <span class='ocr_line' id='line_1_12' title="bbox 209 1337 1165 1429; baseline -0.001 -19"><span class='ocrx_word' id='word_1_86' title='bbox 209 1338 255 1410; x_wconf 76' lang='grc' dir='ltr'><strong><em>δι’</em></strong></span> <span class='ocrx_word' id='word_1_87' title='bbox 276 1339 421 1429; x_wconf 79' lang='grc' dir='ltr'><strong><em>ἐρήμου,</em></strong></span> <span class='ocrx_word' id='word_1_88' title='bbox 440 1338 480 1410; x_wconf 84' lang='grc' dir='ltr'><strong><em>οά</em></strong></span> <span class='ocrx_word' id='word_1_89' title='bbox 499 1341 612 1428; x_wconf 85' lang='grc' dir='ltr'><strong><em>μέντοι</em></strong></span> <span class='ocrx_word' id='word_1_90' title='bbox 629 1337 674 1408; x_wconf 81' lang='grc' dir='ltr'><strong><em>δι’</em></strong></span> <span class='ocrx_word' id='word_1_91' title='bbox 694 1338 846 1427; x_wconf 77' lang='grc' dir='ltr'><strong><em>ἀνύδρου</em></strong></span> <span class='ocrx_word' id='word_1_92' title='bbox 859 1344 918 1427; x_wconf 85' lang='grc' dir='ltr'><strong><em>τής</em></strong></span> <span class='ocrx_word' id='word_1_93' title='bbox 935 1339 1065 1429; x_wconf 85' lang='grc' dir='ltr'><strong><em>χοόρας,</em></strong></span> <span class='ocrx_word' id='word_1_94' title='bbox 1084 1360 1165 1410; x_wconf 89' lang='grc' dir='ltr'><strong><em>στα-</em></strong></span> 
     </span>
     <span class='ocr_line' id='line_1_13' title="bbox 209 1439 1165 1530; baseline 0.001 -20"><span class='ocrx_word' id='word_1_95' title='bbox 209 1447 308 1522; x_wconf 76' lang='grc' dir='ltr'><strong><em>δίους</em></strong></span> <span class='ocrx_word' id='word_1_96' title='bbox 332 1445 366 1522; x_wconf 82' lang='grc' dir='ltr'><strong><em>ές</em></strong></span> <span class='ocrx_word' id='word_1_97' title='bbox 383 1449 512 1528; x_wconf 77' lang='grc' dir='ltr'><strong><em>χιλίους</em></strong></span> <span class='ocrx_word' id='word_1_98' title='bbox 530 1442 587 1509; x_wconf 78' lang='grc' dir='ltr'><strong><em>καὶ</em></strong></span> <span class='ocrx_word' id='word_1_99' title='bbox 613 1441 825 1528; x_wconf 81' lang='grc' dir='ltr'><strong><em>ἑξακοσίους,</em></strong></span> <span class='ocrx_word' id='word_1_100' title='bbox 849 1439 895 1521; x_wconf 71' lang='grc' dir='ltr'><strong><em>οἱς</em></strong></span> <span class='ocrx_word' id='word_1_101' title='bbox 912 1443 1001 1527; x_wconf 81' lang='grc' dir='ltr'><strong><em>λέγει</em></strong></span> <span class='ocrx_word' id='word_1_102' title='bbox 1013 1440 1165 1530; x_wconf 87' lang='grc' dir='ltr'><strong><em>Ἀριστό-</em></strong></span> 
     </span>
     <span class='ocr_line' id='line_1_14' title="bbox 209 1541 1165 1631; baseline 0.002 -21"><span class='ocrx_word' id='word_1_103' title='bbox 209 1550 341 1630; x_wconf 82' lang='grc' dir='ltr'><strong><em>βουλος.</em></strong></span> <span class='ocrx_word' id='word_1_104' title='bbox 370 1545 530 1611; x_wconf 73' lang='grc' dir='ltr'><strong><em>ἐντεῦθεν</em></strong></span> <span class='ocrx_word' id='word_1_105' title='bbox 543 1541 581 1611; x_wconf 74' lang='grc' dir='ltr'><strong><em>δέ</em></strong></span> <span class='ocrx_word' id='word_1_106' title='bbox 595 1545 628 1621; x_wconf 79' lang='grc' dir='ltr'><strong><em>ἐς</em></strong></span> <span class='ocrx_word' id='word_1_107' title='bbox 641 1542 702 1629; x_wconf 84' lang='grc' dir='ltr'><strong><em>τήν</em></strong></span> <span class='ocrx_word' id='word_1_108' title='bbox 715 1542 898 1628; x_wconf 84' lang='grc' dir='ltr'><strong><em>μεσόγαιαν</em></strong></span> <span class='ocrx_word' id='word_1_109' title='bbox 917 1541 1089 1631; x_wconf 78' lang='grc' dir='ltr'><strong><em>ἐτράπετο,</em></strong></span> <span class='ocrx_word' id='word_1_110' title='bbox 1108 1547 1165 1612; x_wconf 80' lang='grc' dir='ltr'><strong><em>ἵνα</em></strong></span> 
     </span>
     <span class='ocr_line' id='line_1_15' title="bbox 209 1635 1164 1733; baseline 0.002 -22"><span class='ocrx_word' id='word_1_111' title='bbox 209 1644 247 1712; x_wconf 88' lang='grc' dir='ltr'><strong><em>τό</em></strong></span> <span class='ocrx_word' id='word_1_112' title='bbox 272 1659 431 1733; x_wconf 79' lang='grc' dir='ltr'><strong><em>μαντεῖον</em></strong></span> <span class='ocrx_word' id='word_1_113' title='bbox 454 1635 496 1730; x_wconf 85' lang='grc' dir='ltr'><strong><em>ήν</em></strong></span> <span class='ocrx_word' id='word_1_114' title='bbox 520 1647 581 1712; x_wconf 82' lang='grc' dir='ltr'><strong><em>τοῦ</em></strong></span> <span class='ocrx_word' id='word_1_115' title='bbox 597 1641 782 1730; x_wconf 79' lang='grc' dir='ltr'><strong><em>Ἀμμωνος.</em></strong></span> <span class='ocrx_word' id='word_1_116' title='bbox 824 1649 892 1712; x_wconf 81' lang='grc' dir='ltr'><strong><em>ἔστι</em></strong></span> <span class='ocrx_word' id='word_1_117' title='bbox 914 1643 952 1712; x_wconf 75' lang='grc' dir='ltr'><strong><em>δέ</em></strong></span> <span class='ocrx_word' id='word_1_118' title='bbox 971 1643 1074 1732; x_wconf 87' lang='grc' dir='ltr'><strong><em>έρήμη</em></strong></span> <span class='ocrx_word' id='word_1_119' title='bbox 1091 1642 1164 1730; x_wconf 90' lang='grc' dir='ltr'><strong><em>τεή</em></strong></span> 
     </span>
    </p>

    <p class='ocr_par' dir='ltr' id='par_1_5' title="bbox 175 1741 1203 2845">
     <span class='ocr_line' id='line_1_16' title="bbox 175 1741 1203 1833; baseline -0.001 -22"><span class='ocrx_word' id='word_1_120' title='bbox 175 1743 292 1824; x_wconf 72' lang='grc' dir='ltr'><strong><em>λόδὸς</em></strong></span> <span class='ocrx_word' id='word_1_121' title='bbox 316 1745 373 1813; x_wconf 83' lang='grc' dir='ltr'><strong><em>καλ</em></strong></span> <span class='ocrx_word' id='word_1_122' title='bbox 392 1743 526 1832; x_wconf 75' lang='grc' dir='ltr'><strong><em>γάμμος</em></strong></span> <span class='ocrx_word' id='word_1_123' title='bbox 550 1744 656 1832; x_wconf 84' lang='grc' dir='ltr'><strong><em>πολλή</em></strong></span> <span class='ocrx_word' id='word_1_124' title='bbox 673 1742 778 1831; x_wconf 85' lang='grc' dir='ltr'><strong><em>αάτής</em></strong></span> <span class='ocrx_word' id='word_1_125' title='bbox 795 1746 852 1813; x_wconf 79' lang='grc' dir='ltr'><strong><em>καί</em></strong></span> <span class='ocrx_word' id='word_1_126' title='bbox 877 1742 1032 1833; x_wconf 83' lang='grc' dir='ltr'><strong><em>ἀνυόρος.</em></strong></span> <span class='ocrx_word' id='word_1_127' title='bbox 1069 1741 1164 1832; x_wconf 76' lang='grc' dir='ltr'><strong><em>ὕδωρ</em></strong></span> <span class='ocrx_word' id='word_1_128' title='bbox 1178 1769 1203 1810; x_wconf 84' lang='grc' dir='ltr'><strong><em>ιι</em></strong></span> 
     </span>
     <span class='ocr_line' id='line_1_17' title="bbox 211 1844 1165 1938; baseline 0 -24"><span class='ocrx_word' id='word_1_129' title='bbox 211 1846 249 1914; x_wconf 75' lang='grc' dir='ltr'><strong><em>δὲ</em></strong></span> <span class='ocrx_word' id='word_1_130' title='bbox 267 1847 301 1927; x_wconf 77' lang='grc' dir='ltr'><strong><em>ἐξ</em></strong></span> <span class='ocrx_word' id='word_1_131' title='bbox 319 1845 468 1933; x_wconf 77' lang='grc' dir='ltr'><strong><em>ούρανοῦ</em></strong></span> <span class='ocrx_word' id='word_1_132' title='bbox 485 1844 691 1938; x_wconf 80' lang='grc' dir='ltr'><strong><em>Ἀλεξάνόρρι</em></strong></span> <span class='ocrx_word' id='word_1_133' title='bbox 709 1845 796 1914; x_wconf 82' lang='grc' dir='ltr'><strong><em>πολό</em></strong></span> <span class='ocrx_word' id='word_1_134' title='bbox 817 1847 968 1934; x_wconf 75' lang='grc' dir='ltr'><strong><em>ἐγένετο,</em></strong></span> <span class='ocrx_word' id='word_1_135' title='bbox 990 1847 1165 1915; x_wconf 80' lang='grc' dir='ltr'><strong><em>καὶτοῦτο</em></strong></span> 
     </span>
     <span class='ocr_line' id='line_1_18' title="bbox 211 1945 1165 2036; baseline -0.001 -20"><span class='ocrx_word' id='word_1_136' title='bbox 211 1951 245 2026; x_wconf 78' lang='grc' dir='ltr'><strong><em>ἐς</em></strong></span> <span class='ocrx_word' id='word_1_137' title='bbox 263 1946 301 2014; x_wconf 86' lang='grc' dir='ltr'><strong><em>τὸ</em></strong></span> <span class='ocrx_word' id='word_1_138' title='bbox 318 1957 415 2016; x_wconf 76' lang='grc' dir='ltr'><strong><em>θεῖον</em></strong></span> <span class='ocrx_word' id='word_1_139' title='bbox 433 1945 611 2036; x_wconf 69' lang='grc' dir='ltr'><strong><em>ἀνηνέχθη.</em></strong></span> <span class='ocrx_word' id='word_1_140' title='bbox 643 1947 813 2035; x_wconf 77' lang='grc' dir='ltr'><strong><em>ἀνηνέχθη</em></strong></span> <span class='ocrx_word' id='word_1_141' title='bbox 831 1946 869 2016; x_wconf 72' lang='grc' dir='ltr'><strong><em>δὲ</em></strong></span> <span class='ocrx_word' id='word_1_142' title='bbox 888 1949 921 2026; x_wconf 85' lang='grc' dir='ltr'><strong><em>ἐς</em></strong></span> <span class='ocrx_word' id='word_1_143' title='bbox 937 1946 975 2016; x_wconf 87' lang='grc' dir='ltr'><strong><em>τό</em></strong></span> <span class='ocrx_word' id='word_1_144' title='bbox 992 1957 1091 2016; x_wconf 76' lang='grc' dir='ltr'><strong><em>θετον</em></strong></span> <span class='ocrx_word' id='word_1_145' title='bbox 1107 1949 1165 2016; x_wconf 81' lang='grc' dir='ltr'><strong><em>καί</em></strong></span> 
     </span>
     <span class='ocr_line' id='line_1_19' title="bbox 209 2045 1165 2140; baseline 0.001 -25"><span class='ocrx_word' id='word_1_146' title='bbox 209 2047 303 2117; x_wconf 79' lang='grc' dir='ltr'><strong><em>τόδε·</em></strong></span> <span class='ocrx_word' id='word_1_147' title='bbox 320 2045 443 2136; x_wconf 84' lang='grc' dir='ltr'><strong><em>ἀνεμος</em></strong></span> <span class='ocrx_word' id='word_1_148' title='bbox 450 2047 550 2128; x_wconf 87' lang='grc' dir='ltr'><strong><em>νότος</em></strong></span> <span class='ocrx_word' id='word_1_149' title='bbox 564 2048 652 2118; x_wconf 84' lang='grc' dir='ltr'><strong><em>έπάυ</em></strong></span> <span class='ocrx_word' id='word_1_150' title='bbox 662 2048 792 2136; x_wconf 81' lang='grc' dir='ltr'><strong><em>πνεόση</em></strong></span> <span class='ocrx_word' id='word_1_151' title='bbox 808 2051 845 2116; x_wconf 85' lang='grc' dir='ltr'><strong><em>ἐν</em></strong></span> <span class='ocrx_word' id='word_1_152' title='bbox 859 2051 977 2140; x_wconf 81' lang='grc' dir='ltr'><strong><em>έκείνςο</em></strong></span> <span class='ocrx_word' id='word_1_153' title='bbox 990 2051 1037 2140; x_wconf 80' lang='grc' dir='ltr'><strong><em>τῷ</em></strong></span> <span class='ocrx_word' id='word_1_154' title='bbox 1052 2047 1165 2139; x_wconf 78' lang='grc' dir='ltr'><strong><em>χοίρῳ,</em></strong></span> 
     </span>
     <span class='ocr_line' id='line_1_20' title="bbox 209 2147 1164 2238; baseline 0.001 -21"><span class='ocrx_word' id='word_1_155' title='bbox 209 2151 269 2237; x_wconf 87' lang='grc' dir='ltr'><strong><em>τής</em></strong></span> <span class='ocrx_word' id='word_1_156' title='bbox 287 2148 426 2236; x_wconf 75' lang='grc' dir='ltr'><strong><em>υάμμου</em></strong></span> <span class='ocrx_word' id='word_1_157' title='bbox 446 2153 600 2238; x_wconf 81' lang='grc' dir='ltr'><strong><em>έττιφορεῑ</em></strong></span> <span class='ocrx_word' id='word_1_158' title='bbox 614 2150 698 2218; x_wconf 88' lang='grc' dir='ltr'><strong><em>κατά</em></strong></span> <span class='ocrx_word' id='word_1_159' title='bbox 716 2154 774 2235; x_wconf 83' lang='grc' dir='ltr'><strong><em>τῆς</em></strong></span> <span class='ocrx_word' id='word_1_160' title='bbox 795 2147 878 2218; x_wconf 81' lang='grc' dir='ltr'><strong><em>όόοῦ</em></strong></span> <span class='ocrx_word' id='word_1_161' title='bbox 899 2152 954 2218; x_wconf 76' lang='grc' dir='ltr'><strong><em>ἐπὶ</em></strong></span> <span class='ocrx_word' id='word_1_162' title='bbox 977 2151 1082 2238; x_wconf 87' lang='grc' dir='ltr'><strong><em>μέγα,</em></strong></span> <span class='ocrx_word' id='word_1_163' title='bbox 1107 2152 1164 2218; x_wconf 84' lang='grc' dir='ltr'><strong><em>καὶ</em></strong></span> 
     </span>
     <span class='ocr_line' id='line_1_21' title="bbox 210 2247 1203 2339; baseline 0.001 -21"><span class='ocrx_word' id='word_1_164' title='bbox 210 2249 404 2338; x_wconf 79' lang='grc' dir='ltr'><strong><em>ἀφανίζεται</em></strong></span> <span class='ocrx_word' id='word_1_165' title='bbox 425 2253 484 2337; x_wconf 87' lang='grc' dir='ltr'><strong><em>τής</em></strong></span> <span class='ocrx_word' id='word_1_166' title='bbox 507 2249 591 2319; x_wconf 79' lang='grc' dir='ltr'><strong><em>ὁδοῦ</em></strong></span> <span class='ocrx_word' id='word_1_167' title='bbox 616 2252 657 2318; x_wconf 89' lang='grc' dir='ltr'><strong><em>τά</em></strong></span> <span class='ocrx_word' id='word_1_168' title='bbox 682 2266 800 2339; x_wconf 78' lang='grc' dir='ltr'><strong><em>σημεῖα</em></strong></span> <span class='ocrx_word' id='word_1_169' title='bbox 818 2247 899 2320; x_wconf 73' lang='grc' dir='ltr'><strong><em>οὐδὲ·</em></strong></span> <span class='ocrx_word' id='word_1_170' title='bbox 925 2256 1014 2320; x_wconf 79' lang='grc' dir='ltr'><strong><em>ἔστιν</em></strong></span> <span class='ocrx_word' id='word_1_171' title='bbox 1039 2252 1203 2326; x_wconf 68' lang='grc' dir='ltr'><strong><em>είόέναιεο</em></strong></span> 
     </span>
     <span class='ocr_line' id='line_1_22' title="bbox 210 2351 1164 2444; baseline -0.001 -22"><span class='ocrx_word' id='word_1_172' title='bbox 210 2358 269 2422; x_wconf 75' lang='grc' dir='ltr'><strong><em>ἵνα</em></strong></span> <span class='ocrx_word' id='word_1_173' title='bbox 285 2351 348 2439; x_wconf 85' lang='grc' dir='ltr'><strong><em>χρή</em></strong></span> <span class='ocrx_word' id='word_1_174' title='bbox 367 2351 570 2440; x_wconf 74' lang='grc' dir='ltr'><strong><em>πορεύεσθαι</em></strong></span> <span class='ocrx_word' id='word_1_175' title='bbox 587 2351 741 2441; x_wconf 75' lang='grc' dir='ltr'><strong><em>καθάπερ</em></strong></span> <span class='ocrx_word' id='word_1_176' title='bbox 760 2355 797 2421; x_wconf 86' lang='grc' dir='ltr'><strong><em>έν</em></strong></span> <span class='ocrx_word' id='word_1_177' title='bbox 813 2352 949 2439; x_wconf 78' lang='grc' dir='ltr'><strong><em>πελάγει</em></strong></span> <span class='ocrx_word' id='word_1_178' title='bbox 965 2355 1006 2439; x_wconf 82' lang='grc' dir='ltr'><strong><em>τῇ</em></strong></span> <span class='ocrx_word' id='word_1_179' title='bbox 1026 2352 1164 2444; x_wconf 72' lang='grc' dir='ltr'><strong><em>ψάμμςο,</em></strong></span> 
     </span>
     <span class='ocr_line' id='line_1_23' title="bbox 210 2451 1164 2542; baseline 0 -20"><span class='ocrx_word' id='word_1_180' title='bbox 210 2451 260 2522; x_wconf 84' lang='grc' dir='ltr'><strong><em>ὅτι</em></strong></span> <span class='ocrx_word' id='word_1_181' title='bbox 283 2468 401 2541; x_wconf 78' lang='grc' dir='ltr'><strong><em>σημεῖα</em></strong></span> <span class='ocrx_word' id='word_1_182' title='bbox 426 2451 489 2524; x_wconf 81' lang='grc' dir='ltr'><strong><em>οὐκ</em></strong></span> <span class='ocrx_word' id='word_1_183' title='bbox 514 2458 581 2522; x_wconf 81' lang='grc' dir='ltr'><strong><em>ἔστι</em></strong></span> <span class='ocrx_word' id='word_1_184' title='bbox 605 2453 689 2521; x_wconf 90' lang='grc' dir='ltr'><strong><em>κατά</em></strong></span> <span class='ocrx_word' id='word_1_185' title='bbox 713 2453 775 2539; x_wconf 87' lang='grc' dir='ltr'><strong><em>τήν</em></strong></span> <span class='ocrx_word' id='word_1_186' title='bbox 800 2451 882 2521; x_wconf 74' lang='grc' dir='ltr'><strong><em>ὁδόν</em></strong></span> <span class='ocrx_word' id='word_1_187' title='bbox 906 2451 983 2522; x_wconf 81' lang='grc' dir='ltr'><strong><em>οὔτε</em></strong></span> <span class='ocrx_word' id='word_1_188' title='bbox 1000 2476 1067 2522; x_wconf 88' lang='grc' dir='ltr'><strong><em>τιου</em></strong></span> <span class='ocrx_word' id='word_1_189' title='bbox 1086 2451 1164 2542; x_wconf 83' lang='grc' dir='ltr'><strong><em>ὄρος</em></strong></span> 
     </span>
     <span class='ocr_line' id='line_1_24' title="bbox 210 2548 1164 2642; baseline 0 -20"><span class='ocrx_word' id='word_1_190' title='bbox 210 2551 289 2622; x_wconf 77' lang='grc' dir='ltr'><strong><em>οὔτε</em></strong></span> <span class='ocrx_word' id='word_1_191' title='bbox 306 2555 448 2642; x_wconf 72' lang='grc' dir='ltr'><strong><em>δένδρον</em></strong></span> <span class='ocrx_word' id='word_1_192' title='bbox 466 2551 544 2624; x_wconf 77' lang='grc' dir='ltr'><strong><em>οὔτε</em></strong></span> <span class='ocrx_word' id='word_1_193' title='bbox 561 2553 703 2642; x_wconf 85' lang='grc' dir='ltr'><strong><em>γήλοφοι</em></strong></span> <span class='ocrx_word' id='word_1_194' title='bbox 722 2555 850 2642; x_wconf 80' lang='grc' dir='ltr'><strong><em>βέβαιοι</em></strong></span> <span class='ocrx_word' id='word_1_195' title='bbox 866 2553 1094 2641; x_wconf 84' lang='grc' dir='ltr'><strong><em>ἀνεστηκότες,</em></strong></span> <span class='ocrx_word' id='word_1_196' title='bbox 1112 2548 1164 2633; x_wconf 77' lang='grc' dir='ltr'><strong><em>οἷς</em></strong></span> 
     </span>
     <span class='ocr_line' id='line_1_25' title="bbox 209 2652 1163 2743; baseline -0.002 -19"><span class='ocrx_word' id='word_1_197' title='bbox 209 2673 294 2724; x_wconf 89' lang='grc' dir='ltr'><strong><em>τισιν</em></strong></span> <span class='ocrx_word' id='word_1_198' title='bbox 311 2660 348 2723; x_wconf 90' lang='grc' dir='ltr'><strong><em>οί</em></strong></span> <span class='ocrx_word' id='word_1_199' title='bbox 362 2652 472 2724; x_wconf 77' lang='grc' dir='ltr'><strong><em>ὁδῖται</em></strong></span> <span class='ocrx_word' id='word_1_200' title='bbox 487 2663 718 2743; x_wconf 81' lang='grc' dir='ltr'><strong><em>τεκμαίροιντο</em></strong></span> <span class='ocrx_word' id='word_1_201' title='bbox 735 2652 778 2723; x_wconf 88' lang='grc' dir='ltr'><strong><em>ἀν</em></strong></span> <span class='ocrx_word' id='word_1_202' title='bbox 795 2653 856 2741; x_wconf 86' lang='grc' dir='ltr'><strong><em>τήν</em></strong></span> <span class='ocrx_word' id='word_1_203' title='bbox 874 2662 1033 2743; x_wconf 81' lang='grc' dir='ltr'><strong><em>πορείαν,</em></strong></span> <span class='ocrx_word' id='word_1_204' title='bbox 1052 2654 1163 2724; x_wconf 72' lang='grc' dir='ltr'><strong><em>καθό-</em></strong></span> 
     </span>
     <span class='ocr_line' id='line_1_26' title="bbox 210 2753 1203 2845; baseline 0 -21"><span class='ocrx_word' id='word_1_205' title='bbox 210 2781 272 2844; x_wconf 87' lang='grc' dir='ltr'><strong><em>τιερ</em></strong></span> <span class='ocrx_word' id='word_1_206' title='bbox 296 2758 332 2822; x_wconf 77' lang='lat' dir='ltr'><strong><em>oc</em></strong></span> <span class='ocrx_word' id='word_1_207' title='bbox 351 2761 474 2823; x_wconf 84' lang='grc' dir='ltr'><strong><em>ναῦται</em></strong></span> <span class='ocrx_word' id='word_1_208' title='bbox 498 2771 570 2836; x_wconf 81' lang='grc' dir='ltr'><strong><em>τοῖς</em></strong></span> <span class='ocrx_word' id='word_1_209' title='bbox 590 2754 737 2845; x_wconf 78' lang='grc' dir='ltr'><strong><em>ἄστροις·</em></strong></span> <span class='ocrx_word' id='word_1_210' title='bbox 768 2753 836 2824; x_wconf 88' lang='grc' dir='ltr'><strong><em>ἀλλ’</em></strong></span> <span class='ocrx_word' id='word_1_211' title='bbox 864 2758 1031 2825; x_wconf 80' lang='grc' dir='ltr'><strong><em>ἐπλανᾶτο</em></strong></span> <span class='ocrx_word' id='word_1_212' title='bbox 1052 2756 1119 2844; x_wconf 88' lang='grc' dir='ltr'><strong><em>γάρ</em></strong></span> <span class='ocrx_word' id='word_1_213' title='bbox 1141 2753 1203 2843; x_wconf 74' lang='grc' dir='ltr'><strong><em>ήεε</em></strong></span> 
     </span>
    </p>
   </div>
   <div class='ocr_carea' id='block_1_3' title="bbox 176 2854 1203 3554">
    <p class='ocr_par' dir='ltr' id='par_1_6' title="bbox 210 2854 1162 2948">
     <span class='ocr_line' id='line_1_27' title="bbox 210 2854 1162 2948; baseline 0 -22"><span class='ocrx_word' id='word_1_214' title='bbox 210 2854 347 2943; x_wconf 90' lang='grc' dir='ltr'><strong><em>στρατιά</em></strong></span> <span class='ocrx_word' id='word_1_215' title='bbox 362 2854 568 2948; x_wconf 76' lang='grc' dir='ltr'><strong><em>Ἀλεξάνδρῳ</em></strong></span> <span class='ocrx_word' id='word_1_216' title='bbox 581 2859 639 2925; x_wconf 83' lang='grc' dir='ltr'><strong><em>καὶ</em></strong></span> <span class='ocrx_word' id='word_1_217' title='bbox 653 2863 690 2926; x_wconf 85' lang='grc' dir='ltr'><strong><em>οί</em></strong></span> <span class='ocrx_word' id='word_1_218' title='bbox 702 2856 863 2944; x_wconf 84' lang='grc' dir='ltr'><strong><em>ἡγεμόνες</em></strong></span> <span class='ocrx_word' id='word_1_219' title='bbox 876 2858 935 2942; x_wconf 77' lang='grc' dir='ltr'><strong><em>τῆς</em></strong></span> <span class='ocrx_word' id='word_1_220' title='bbox 953 2855 1036 2926; x_wconf 76' lang='grc' dir='ltr'><strong><em>ὁδοῦ</em></strong></span> <span class='ocrx_word' id='word_1_221' title='bbox 1055 2856 1162 2945; x_wconf 87' lang='grc' dir='ltr'><strong><em>ἀμφί-</em></strong></span> 
     </span>
    </p>

    <p class='ocr_par' dir='ltr' id='par_1_7' title="bbox 176 2947 1203 3450">
     <span class='ocr_line' id='line_1_28' title="bbox 176 2947 1164 3047; baseline 0.008 -27"><span class='ocrx_word' id='word_1_222' title='bbox 176 2969 193 3020; x_wconf 77' lang='grc'>5</span> <span class='ocrx_word' id='word_1_223' title='bbox 209 2964 304 3046; x_wconf 79' lang='grc' dir='ltr'><strong><em>βολοι</em></strong></span> <span class='ocrx_word' id='word_1_224' title='bbox 319 2947 413 3044; x_wconf 88' lang='grc' dir='ltr'><strong><em>ήσαν.</em></strong></span> <span class='ocrx_word' id='word_1_225' title='bbox 446 2965 654 3045; x_wconf 71' lang='grc' dir='ltr'><strong><em>Πτολεμαῖος</em></strong></span> <span class='ocrx_word' id='word_1_226' title='bbox 671 2957 733 3045; x_wconf 75' lang='grc' dir='ltr'><strong><em>μὲν</em></strong></span> <span class='ocrx_word' id='word_1_227' title='bbox 751 2959 792 3046; x_wconf 75' lang='grc' dir='ltr'><strong><em>δή</em></strong></span> <span class='ocrx_word' id='word_1_228' title='bbox 806 2957 824 3026; x_wconf 88' lang='grc' dir='ltr'><strong><em>ό</em></strong></span> <span class='ocrx_word' id='word_1_229' title='bbox 838 2957 956 3044; x_wconf 81' lang='grc' dir='ltr'><strong><em>Λόγον</em></strong></span> <span class='ocrx_word' id='word_1_230' title='bbox 974 2958 1062 3045; x_wconf 84' lang='grc' dir='ltr'><strong><em>λέγει</em></strong></span> <span class='ocrx_word' id='word_1_231' title='bbox 1079 2957 1164 3047; x_wconf 63' lang='lat'><strong><em>‹5005-</em></strong></span> 
     </span>
     <span class='ocr_line' id='line_1_29' title="bbox 211 3057 1164 3147; baseline 0.002 -21"><span class='ocrx_word' id='word_1_232' title='bbox 211 3084 331 3137; x_wconf 89' lang='grc' dir='ltr'><strong><em>κοντας</em></strong></span> <span class='ocrx_word' id='word_1_233' title='bbox 349 3057 413 3127; x_wconf 81' lang='grc' dir='ltr'><strong><em>όόο</em></strong></span> <span class='ocrx_word' id='word_1_234' title='bbox 432 3059 519 3128; x_wconf 82' lang='grc' dir='ltr'><strong><em>ἰέναι</em></strong></span> <span class='ocrx_word' id='word_1_235' title='bbox 536 3059 599 3147; x_wconf 81' lang='grc' dir='ltr'><strong><em>πρὸ</em></strong></span> <span class='ocrx_word' id='word_1_236' title='bbox 615 3061 676 3126; x_wconf 84' lang='grc' dir='ltr'><strong><em>τοῦ</em></strong></span> <span class='ocrx_word' id='word_1_237' title='bbox 696 3058 941 3147; x_wconf 77' lang='grc' dir='ltr'><strong><em>στρατεύματος</em></strong></span> <span class='ocrx_word' id='word_1_238' title='bbox 959 3059 1078 3147; x_wconf 86' lang='grc' dir='ltr'><strong><em>φωνήν</em></strong></span> <span class='ocrx_word' id='word_1_239' title='bbox 1093 3061 1164 3129; x_wconf 86' lang='grc' dir='ltr'><strong><em>ίέν-</em></strong></span> 
     </span>
     <span class='ocr_line' id='line_1_30' title="bbox 211 3157 1165 3247; baseline 0.004 -21"><span class='ocrx_word' id='word_1_240' title='bbox 211 3185 282 3246; x_wconf 88' lang='grc' dir='ltr'><strong><em>τας,</em></strong></span> <span class='ocrx_word' id='word_1_241' title='bbox 299 3159 356 3227; x_wconf 78' lang='grc' dir='ltr'><strong><em>καί</em></strong></span> <span class='ocrx_word' id='word_1_242' title='bbox 373 3158 505 3239; x_wconf 83' lang='grc' dir='ltr'><strong><em>τὀότοις</em></strong></span> <span class='ocrx_word' id='word_1_243' title='bbox 519 3157 740 3247; x_wconf 75' lang='grc' dir='ltr'><strong><em>Ἀλέξανδρον</em></strong></span> <span class='ocrx_word' id='word_1_244' title='bbox 756 3161 911 3229; x_wconf 81' lang='grc' dir='ltr'><strong><em>κελεῦσαι</em></strong></span> <span class='ocrx_word' id='word_1_245' title='bbox 928 3161 1069 3230; x_wconf 74' lang='grc' dir='ltr'><strong><em>ἔπεσθαι</em></strong></span> <span class='ocrx_word' id='word_1_246' title='bbox 1084 3160 1165 3240; x_wconf 78' lang='grc' dir='ltr'><strong><em>τούς</em></strong></span> 
     </span>
     <span class='ocr_line' id='line_1_31' title="bbox 211 3258 1203 3354; baseline 0 -25"><span class='ocrx_word' id='word_1_247' title='bbox 211 3258 378 3348; x_wconf 90' lang='grc' dir='ltr'><strong><em>ήγεμόνας</em></strong></span> <span class='ocrx_word' id='word_1_248' title='bbox 391 3260 633 3340; x_wconf 79' lang='grc' dir='ltr'><strong><em>πιστεύσαντας</em></strong></span> <span class='ocrx_word' id='word_1_249' title='bbox 646 3264 694 3353; x_wconf 76' lang='grc' dir='ltr'><strong><em>τῷ</em></strong></span> <span class='ocrx_word' id='word_1_250' title='bbox 708 3267 810 3354; x_wconf 75' lang='grc' dir='ltr'><strong><em>θείῳ·</em></strong></span> <span class='ocrx_word' id='word_1_251' title='bbox 826 3259 909 3344; x_wconf 84' lang='grc' dir='ltr'><strong><em>τοός</em></strong></span> <span class='ocrx_word' id='word_1_252' title='bbox 922 3260 961 3330; x_wconf 74' lang='grc' dir='ltr'><strong><em>δέ</em></strong></span> <span class='ocrx_word' id='word_1_253' title='bbox 973 3261 1165 3350; x_wconf 74' lang='grc' dir='ltr'><strong><em>ἡγήσασθαι</em></strong></span> <span class='ocrx_word' id='word_1_254' title='bbox 1177 3293 1203 3336; x_wconf 66' lang='grc' dir='ltr'>ω</span> 
     </span>
     <span class='ocr_line' id='line_1_32' title="bbox 210 3354 1164 3450; baseline 0.003 -22"><span class='ocrx_word' id='word_1_255' title='bbox 210 3362 273 3448; x_wconf 84' lang='grc' dir='ltr'><strong><em>τήν</em></strong></span> <span class='ocrx_word' id='word_1_256' title='bbox 295 3359 464 3450; x_wconf 81' lang='grc' dir='ltr'><strong><em>όιλόντήν</em></strong></span> <span class='ocrx_word' id='word_1_257' title='bbox 487 3389 523 3431; x_wconf 90' lang='grc' dir='ltr'><strong><em>τε</em></strong></span> <span class='ocrx_word' id='word_1_258' title='bbox 549 3365 583 3442; x_wconf 85' lang='grc' dir='ltr'><strong><em>ές</em></strong></span> <span class='ocrx_word' id='word_1_259' title='bbox 599 3361 638 3432; x_wconf 87' lang='grc' dir='ltr'><strong><em>τό</em></strong></span> <span class='ocrx_word' id='word_1_260' title='bbox 655 3379 815 3450; x_wconf 75' lang='grc' dir='ltr'><strong><em>μαντεῖον</em></strong></span> <span class='ocrx_word' id='word_1_261' title='bbox 831 3363 889 3432; x_wconf 81' lang='grc' dir='ltr'><strong><em>καὶ</em></strong></span> <span class='ocrx_word' id='word_1_262' title='bbox 912 3361 1021 3433; x_wconf 83' lang='grc' dir='ltr'><strong><em>όιιίσιο</em></strong></span> <span class='ocrx_word' id='word_1_263' title='bbox 1044 3354 1164 3443; x_wconf 77' lang='grc' dir='ltr'><strong><em>αὖθις·</em></strong></span> 
     </span>
    </p>

    <p class='ocr_par' dir='ltr' id='par_1_8' title="bbox 176 3459 1166 3554">
     <span class='ocr_line' id='line_1_33' title="bbox 176 3459 1166 3554; baseline 0.001 -22"><span class='ocrx_word' id='word_1_264' title='bbox 176 3472 194 3524; x_wconf 79' lang='lat'><strong>⁶</strong></span> <span class='ocrx_word' id='word_1_265' title='bbox 207 3459 462 3552; x_wconf 81' lang='grc' dir='ltr'><strong><em>Ἀριστόβουλος</em></strong></span> <span class='ocrx_word' id='word_1_266' title='bbox 476 3464 532 3553; x_wconf 74' lang='grc' dir='ltr'><strong><em>δέ,</em></strong></span> <span class='ocrx_word' id='word_1_267' title='bbox 545 3465 604 3532; x_wconf 79' lang='grc' dir='ltr'><strong><em>καὶ</em></strong></span> <span class='ocrx_word' id='word_1_268' title='bbox 617 3462 636 3532; x_wconf 88' lang='grc' dir='ltr'><strong><em>ό</em></strong></span> <span class='ocrx_word' id='word_1_269' title='bbox 651 3471 777 3533; x_wconf 80' lang='grc' dir='ltr'><strong><em>κλείων</em></strong></span> <span class='ocrx_word' id='word_1_270' title='bbox 791 3463 891 3550; x_wconf 87' lang='grc' dir='ltr'><strong><em>λόγος</em></strong></span> <span class='ocrx_word' id='word_1_271' title='bbox 902 3463 1009 3554; x_wconf 83' lang='grc' dir='ltr'><strong><em>ταότη</em></strong></span> <span class='ocrx_word' id='word_1_272' title='bbox 1023 3465 1166 3553; x_wconf 85' lang='grc' dir='ltr'><strong><em>κατέχει,</em></strong></span> 
     </span>
    </p>
   </div>
   <div class='ocr_carea' id='block_1_4' title="bbox 0 0 1336 3946">
    <p class='ocr_par' dir='ltr' id='par_1_9' title="bbox 0 0 1336 3946">
     <span class='ocr_line' id='line_1_34' title="bbox 0 0 1336 3946; baseline 0 3"><span class='ocrx_word' id='word_1_273' title='bbox 0 0 1336 3946; x_wconf 95' lang='lat' dir='ltr'><strong><em> </em></strong></span> 
     </span>
    </p>
   </div>
  </div>
 </body>
</html>
