2664 3946
472 257 659 311 ΔΝΔΒΔΣΙΣ
676 260 701 323 2,
723 260 764 311 1⁷.
1054 255 1097 322 83

136 395 267 478 τούτοις
294 398 447 486 ἐπάγων,
474 396 521 478 ύς
544 395 654 486 αύτην
671 399 779 469 ταῦτα
792 397 952 488 Ἡρακλεῖ
971 396 1098 468 0331}-

136 500 291 587 ρυσθέως
317 501 612 588 ἐπαγγέλλουσαν,
637 499 675 568 τό
698 499 739 569 ού
767 500 886 569 πιστὸν
910 499 1097 586 τοῦλόγου

136 598 385 689 ἀποκτρόπτειυ
404 603 517 671 ἐθέλοι
533 602 581 692 τῷ
600 601 713 694 μύθῳ.

220 702 335 796 Τούτῳ
348 707 396 796 τῷ
407 701 567 792 Ἡρακλεῖ
577 704 625 794 τῷ
641 709 757 796 Τυρίῳ
772 709 835 792 ἔφη
850 705 978 774 ἐθέλειν
990 705 1097 774 θῦσαι
1113 719 1129 770 *1

106 799 358 894 εἈλέξανόρος.
407 803 453 886 ός
483 803 521 875 δέ
550 803 747 893 ἀπηγγέλθη
777 806 885 874 ταῦτα
914 804 999 895 πρὸς
1027 807 1097 873 τῶν

135 905 310 994 πρέσβεων
335 913 384 987 είς
400 905 464 994 τὴν
487 904 619 995 Τύρον,
643 903 765 992 τὰμὲν
789 903 875 974 ἀλλα
894 907 989 988 ἔδοξέ
1004 925 1098 994 σφισι

135 1021 245 1076 ποιεῖν
263 1003 282 1075 ὅ
298 1034 329 1075 τι
347 1032 408 1097 περ
430 1008 627 1094 ἐπαγγέλλει
640 1005 877 1096 Ἀλέξανδρος,
901 1015 951 1088 είς
976 1005 1014 1078 δέ
1036 1007 1097 1095 τὴν

135 1106 236 1176 πόλιν
253 1108 335 1196 μήτε
351 1108 426 1177 τινά
441 1111 585 1200 Περσῶν
602 1106 686 1196 μήτε
699 1107 912 1178 Μακεδόνων
929 1110 1098 1196 δέχεσθαι,

135 1207 184 1288 εἰς
201 1211 303 1278 τοῦτο
322 1215 355 1290 ἐς
372 1236 409 1280 τε
424 1210 466 1278 τά
485 1208 636 1298 παρόντα
652 1211 699 1300 τῷ
718 1208 810 1300 λόγῳ
828 1207 1098 1298 εὐπρεπέστατον

97 1333 123 1374 ιο
136 1311 195 1378 καί
221 1314 254 1389 ἐς
271 1313 333 1379 τοῦ
358 1313 507 1400 πολέμου
531 1310 593 1398 τὴν
616 1318 746 1398 κρίσιν,
769 1307 895 1398 άόηλον
913 1317 961 1380 ἐτι
977 1302 1098 1398 οὖσαν,

136 1410 395 1498 ἀσφαλέστατόν
412 1433 506 1500 σφισι
522 1411 764 1500 γενησόμενον·
792 1410 838 1492 ύς
856 1411 894 1482 δέ
913 1413 1096 1500 ἐξηγγέλθη
1114 1428 1132 1478 8

132 1511 344 1605 Ἀλεξάνδρῳ
357 1513 398 1582 τά
415 1516 451 1584 ἐκ
464 1515 522 1601 τῆς
538 1513 666 1604 Τύρου,
678 1513 759 1593 τούς
772 1511 834 1601 μὲν
846 1513 1000 1602 πρέσβεις
1013 1513 1098 1603 πρὸς

137 1611 243 1704 ὀργὴν
262 1612 370 1684 ὀπίσω
387 1613 594 1702 ἀπέπεμψεν.
622 1612 725 1695 αὐτὸς
738 1613 777 1684 όέ
796 1612 999 1701 ξυναγαγων
1016 1613 1098 1694 τούς

136 1741 174 1784 τε
203 1717 357 1805 ἑταίρους
385 1719 443 1786 καὶ
468 1717 550 1795 τούς
576 1714 743 1804 ἡγεμόνας
776 1718 835 1802 τῆς
860 1720 1015 1807 στρατιᾶς
1040 1717 1098 1785 καὶ

99 1839 125 1880 τε
137 1816 317 1906 ταξιάρχας
334 1819 392 1886 καὶ
411 1817 551 1907 ίλάρχας
570 1817 679 1898 ἔλεξεν
698 1808 771 1886 ὧδε.

220 1915 362 2010 Ἀνδρος
380 1926 474 2006 φίλοι
490 1920 548 1987 καί
562 1918 744 2006 ξύμμαχοι,
766 1915 849 2006 ἡμῖν
867 1915 945 1989 οὔτε
961 1917 1024 2006 την
1043 1915 1095 1987 ἐπ’
1109 1930 1146 1993 17

137 2019 319 2106 Αἰγύπτου
334 2028 475 2110 πορείαν
489 2019 625 2108 ἀσφαλῆ
643 2018 713 2109 ὁρῶ
728 2019 1099 2109 θαλασσοκρατούντων

138 2124 296 2209 Περσῶν,
315 2121 466 2212 Δαρείόν
482 2148 518 2191 τε
535 2121 668 2191 διάκειν
684 2119 973 2208 ἀπολειπομένους
990 2119 1100 2207 αύτην

137 2248 174 2293 τε
196 2221 306 2292 ὀπίσω
331 2223 394 2310 τὴν
424 2225 494 2292 τῶν
524 2229 660 2313 ,Τυρίων
689 2221 788 2291 πόλιν
819 2220 1012 2310 ἀμφίβολον
1041 2222 1099 2290 καὶ

100 2350 126 2390 ιο
140 2334 319 2410 Αίγυπτον
331 2326 391 2393 καὶ
404 2324 549 2414 Κύπρον
568 2325 727 2412 ἐχομένας
741 2322 826 2412 πρὸς
844 2325 999 2412 Περσῶν,
1017 2320 1100 2392 mm

137 2427 240 2494 τούτο
257 2424 407 2512 ἀσφαλὲς
427 2431 460 2506 ἐς
484 2453 519 2495 τε
536 2425 577 2494 τά
594 2423 679 2494 άλλα
696 2427 754 2494 καὶ
771 2424 913 2512 μάλιστα
930 2424 973 2510 δὴ
1000 2425 1034 2503 ἐς
1056 2422 1098 2492 τά

135 2525 308 2616 Ἑλληνικά
334 2527 532 2616 πράγματα,
555 2526 602 2614 μή
625 2525 698 2594 ποτ’
726 2524 792 2614 ἄρα
819 2524 1132 2615 ἐπικρατησάντεςλ

139 2618 241 2708 αὖθις
263 2630 333 2698 τῶν
358 2629 413 2698 ἐπὶ
434 2627 593 2716 θαλάσση
620 2633 754 2717 χωρίων
777 2631 814 2696 οί
836 2627 983 2716 Πέρσαι,
1012 2649 1098 2714 προ-

138 2728 364 2817 χωρησάντων
377 2727 474 2816 ἡμῶν
488 2727 551 2810 ξύν
564 2731 605 2817 τῇ
620 2727 762 2817 δυνάμει
776 2726 821 2808 ιός
837 2730 892 2798 ἐπὶ
906 2727 1100 2817 Βαβυλῶνά

102 2855 127 2896 ιι
139 2856 176 2899 τε
190 2831 248 2898 καὶ
263 2840 425 2919 Δαρεῖον,
439 2827 538 2899 αύτοὶ
548 2829 612 2911 ξύν
621 2837 751 2899 πλείονι
761 2828 870 2920 στόλῳ
880 2828 1100 2917 μεταγάγοιεν

138 2930 199 3000 τὸν
223 2930 371 3018 πόλεμον
402 2935 436 3010 ἐς
461 2931 524 3017 τὴν
544 2929 706 3018 Ἑλλάδα,
731 2936 1007 3017 Λακεδαιμονίων
1036 2929 1100 3018 μὲν

141 3034 177 3102 ἐκ
194 3036 257 3100 τοῦ
277 3031 397 3112 εύθέος
413 3030 497 3120 ἡμῖν
510 3031 762 3120 πολεμούντων,
778 3033 837 3117 τῆς
854 3030 893 3100 δὲ
907 3030 1100 3118 Ἀθηναίων

141 3132 269 3214 πόλεως
300 3132 397 3224 φόβῳ
423 3132 555 3220 μᾶλλόν
584 3159 616 3200 τι
639 3128 660 3220 ἢ
685 3131 804 3221 εύνοίμ
829 3135 871 3220 τῇ
897 3131 982 3221 πρὸς
1011 3130 1099 3219 ἡμᾶς

141 3233 225 3324 πρὸς
241 3231 279 3303 τὸ
298 3233 408 3323 παρόν
425 3234 656 3322 κατεχομένης.
690 3235 912 3322 ἐξαιρεθείσης
926 3232 964 3303 δέ
983 3232 1098 3321 Τύρου
1116 3246 1133 3296 3

105 3333 162 3422 soff
184 3362 220 3404 τε
245 3342 384 3424 Φοινίκη
410 3340 516 3422 ἐχοιτο
539 3330 582 3403 ἀν
600 3337 691 3404 πάσα
707 3336 765 3402 καὶ
781 3333 819 3401 τὸ
836 3333 999 3403 ναυτικόν
1016 3331 1099 3422 ὅπερ

142 3436 299 3506 κλεῖστόν
322 3437 439 3506 τεκαὶ
463 3434 640 3525 κράτιστον
663 3436 725 3503 τού
745 3439 934 3524 Περσικοῦ,
958 3435 996 3502 τό
1017 3443 1099 3503 Φοι-

140 3545 260 3625 νίκων,
277 3535 357 3627 παρ’
372 3535 459 3625 ἡμᾶς
472 3535 716 3625 μεταχωρήσειν
733 3534 839 3616 είκός·
858 3533 899 3606 ού
918 3535 982 3624 γάρ
999 3534 1099 3616 ἀνέξ-

912 3649 948 3692 ς·
