2678 3950
215 193 276 258 174
571 191 822 248 εεεεεαεεου

213 354 299 442 λακῇ
319 357 415 440 ἐχειν,
443 343 488 430 ῦς
513 349 560 438 μή
584 375 615 418 τι
640 355 882 438 νεωτερίσωσιν
899 351 935 418 οί
956 349 1061 438 ταῦτη
1087 347 1175 438 βάρ-

212 460 326 542 βαροι,
352 454 409 520 καὶ
434 449 515 531 τοῦς
541 447 606 539 ἥδη
630 449 856 538 ἀφεστηκότας
880 449 996 519 αύτῦν
1015 453 1174 538 ἐξαιρεῖν·

179 559 196 608 2
214 552 314 631 αῦτδς
339 553 377 621 δὲ
397 554 429 632 ἐς
443 552 542 621 πέντε
558 553 643 641 μέρη
661 550 782 620 διελών
798 551 861 638 τὴν
878 548 947 639 ἅμα
964 545 1000 620 οἷ
1016 551 1175 640 στρατιάν

213 659 281 725 τῶν
304 653 367 742 μὲν
389 653 616 741 Ἡφαιστίωνα
642 649 755 740 ἄρχειν
781 655 891 739 ἐταξε,
917 657 987 721 τοῖν
1018 652 1057 721 δὲ
1082 662 1174 722 Πτο-

214 765 354 843 λεμαῖον
371 754 431 822 τδν
444 754 562 840 Λάγον
580 752 642 822 τόν
659 752 948 841 σωματοφύλακα·
963 767 1033 834 τοῖς
1051 759 1173 837 τρίτοις
1187 784 1201 826 ε

215 856 253 925 δὲ
286 859 481 943 Περδίκκαν
515 855 663 936 ἐπέταξε·
702 859 760 942 της
793 854 831 924 δέ
861 853 1018 942 τετάρτης
1050 855 1173 935 τάξεως

215 965 338 1036 Κοίνος
359 955 415 1024 καὶ
433 954 629 1043 Ἀρτάβαζος
647 952 794 1041 ἡγοῦντο
814 952 924 1046 αῦτςῦ·
945 950 1007 1042 την
1031 954 1069 1023 δέ
1088 955 1173 1043 πέμ-

214 1084 300 1145 πτην
323 1071 445 1144 μοῖραν
469 1055 649 1144 ἀναλαβών
672 1055 774 1135 αῦτδς
795 1055 889 1143 ἐπῄει
911 1055 972 1141 τὴν
995 1054 1109 1144 χάραν
1127 1053 1173 1137 ῦς

181 1163 271 1228 θέπλ
290 1157 512 1247 Μαράκανδα.
557 1157 615 1225 καὶ
641 1161 677 1225 οί
700 1155 797 1226 ἄλλοι
824 1154 870 1236 ῦς
898 1155 1044 1237 ἑκάστοις
1062 1155 1173 1244 προά-

213 1259 314 1348 χάρει
338 1259 501 1349 ἐπῄεσαν,
527 1258 608 1338 τοῦς
631 1258 693 1344 μέν
710 1284 802 1337 τινας
826 1259 895 1326 τεόν
914 1260 948 1338 ἐς
964 1256 1004 1325 τά
1025 1259 1174 1346 ἐρύματα
1186 1291 1215 1331 ιο

214 1360 498 1449 ξυμπεφευγότων
524 1364 583 1448 βίᾳ
611 1359 837 1444 ἐξαιροῦντες,
862 1358 944 1438 τοῦς
963 1357 1000 1427 δέ
1017 1359 1074 1427 καὶ
1091 1359 1174 1448 ὁμο-

214 1469 311 1552 λογίᾳ
335 1456 616 1549 προσχωροῦντάς
641 1479 755 1547 σφισιν
780 1459 1083 1546 ἀναλαμβάνοντες.
1127 1458 1174 1540 ῦς

214 1562 253 1632 δέ
270 1562 427 1650 ξύμπασα
444 1559 537 1652 αύτῷ
554 1558 575 1648 ἦ
594 1559 749 1648 δύναμις,
778 1565 969 1630 ἐπελθοῦσα
992 1565 1062 1628 τῶν
1080 1571 1173 1648 Σογ-

215 1665 343 1733 διανῦν
359 1666 418 1748 τῆς
435 1660 545 1750 χώρας
563 1659 625 1748 τὴν
643 1662 787 1750 πολλήν,
807 1666 840 1742 ἐς
859 1661 1078 1756 Μαράκανδα
1090 1662 1173 1750 ἀφί-

214 1791 308 1849 κετο,
324 1763 551 1850 Ἡφαιστίωνα
565 1761 628 1850 μὲν
643 1767 800 1852 ἐκπέμπει
811 1761 871 1842 τὰς
893 1765 929 1831 ἐν
942 1769 983 1851 τῇ
999 1767 1173 1853 Σογδιανῇ
1188 1794 1214 1836 15

215 1865 327 1943 πόλεις
354 1870 568 1950 σννοικιξειν,
601 1872 728 1933 Κοῖνον
755 1863 793 1933 δὲ
819 1863 875 1932 καὶ
897 1861 1095 1950 Ἀρτάβαζον
1128 1863 1174 1944 άς

216 1969 250 2046 ἐς
278 1961 439 2052 Σκύθας,
466 1961 517 2033 ὅτι
544 1967 577 2044 ἐς
604 1965 746 2044 Σκύθας
772 1966 1060 2052 καταπεφευγέναι
1086 1975 1174 2034 Σπι-

215 2066 358 2154 ταμένης
400 2063 492 2156 αύτῷ
540 2065 773 2152 ἐξηγγέλλετο,
812 2063 913 2146 αῦτδς
955 2065 993 2135 δέ
1034 2065 1098 2148 ξῦν
1132 2071 1173 2156 τῇ

215 2169 315 2258 λοιπῇ
340 2171 476 2256 στρατιᾷ
503 2164 605 2234 ἐπιῦν
630 2170 689 2253 τῆς
708 2168 900 2254 Σογδιανῆς
927 2165 990 2236 ὅσα
1018 2173 1066 2236 ἐτι
1089 2167 1174 2254 πρός

214 2271 282 2338 τόν
320 2262 557 2356 ἀφεστηκότων
594 2273 762 2354 κατείχετο
797 2269 904 2336 ταῦτα
945 2267 986 2336 οῦ
1022 2272 1214 2358 χαλεπῦςεο
1321 2291 1322 2328 ι

217 2370 336 2460 ἐξῄρει.

182 2489 197 2537 4
287 2470 340 2541 Ἐν
365 2469 495 2550 τούτοις
521 2467 559 2538 δέ
581 2467 803 2558 Ἀλεξάνδρου
838 2469 934 2550 ὄντος
962 2471 1174 2558 Σπιταμένης

214 2572 330 2640 τεκαὶ
362 2571 427 2639 σῦν
456 2569 548 2662 αὐτῷ
575 2574 644 2639 τῶν
672 2575 870 2657 Σογδιανῦν
895 2597 982 2651 τινες
1008 2572 1174 2658 φυγάδων

216 2674 249 2751 ές
266 2674 334 2738 τῦυ
353 2673 504 2740 Σκυθῶν
527 2675 848 2758 τῶνΜασσαγετῦν
871 2672 1090 2760 καλουμένων
1112 2671 1174 2758 τὴν
1321 2747 1322 2756 ¹

215 2772 328 2860 χάραν
346 2770 616 2860 ξυμπεφευγότες
635 2772 879 2858 ξυναγαγόντες
902 2775 971 2841 νῦν
991 2781 1173 2860 Μασσαγε-
1187 2801 1214 2843 ιε
1321 2797 1322 2832 ι

214 2875 282 2941 νῦν
301 2873 421 2952 ίππέας
441 2873 634 2952 ἑξακοσίους
658 2870 821 2960 ἀφίκοντο
849 2873 933 2962 πρός
956 2901 987 2942 τι
1009 2874 1174 2962 φρούριον
1321 2869 1322 2896 ³

182 2977 282 3042 συῶν
308 2973 391 3042 κατὰ
417 2972 477 3059 τὴν
495 2973 715 3061 Βακτριανήν.
767 2977 888 3067 καὶτῷ
910 3001 948 3044 τε
970 2975 1174 3068 φρουράρχῳ

137 3099 138 3104 ’
214 3073 317 3144 οῦδὲν
335 3074 493 3160 πολέμιον
511 3075 765 3166 προσδεχομένῳ
791 3075 1002 3156 ἐπιπεσόντες
1025 3080 1174 3157 καὶτοῖς

215 3175 278 3255 ξῦν
296 3173 405 3265 τούτῳ
423 3174 484 3260 τὴν
502 3175 659 3261 φυλακὴν
677 3181 789 3261 ἔχουσι
802 3175 883 3256 τούς
897 3177 959 3264 μὲν
973 3176 1175 3264 στρατιώτας

215 3279 427 3364 διέφθειραν,
453 3273 515 3344 τόν
539 3275 755 3365 φρούραρχον
780 3277 818 3346 δὲ
837 3277 966 3357 ἑλόντες
984 3281 1020 3346 ἐν
1038 3282 1213 3367 φυλακῇσι

216 3377 316 3466 εἶχον.
355 3376 585 3464 θαρρήσαντες
609 3376 647 3444 δὲ
673 3379 728 3446 ἐπὶ
745 3382 806 3446 τοῦ
826 3385 993 3464 φρουρίου
1011 3382 1052 3467 τῇ
1071 3405 1175 3446 κατα-

213 3478 312 3566 λήψει
337 3473 466 3564 ὀλίγαις
498 3475 634 3566 ἡμέραις
660 3475 803 3568 ὕστερον
835 3479 1037 3569 Ζαριάσποις
1070 3477 1175 3547 πελά-
