2590 3948
407 223 593 274 ΑΝΑΒΑΣΙΣ
610 226 636 288 ι,
655 226 694 274 15.
715 225 754 272 16.
1002 221 1065 286 313

106 375 330 465 λέγουσινὸτι
349 381 590 468 ἐπρέσβευσαν·
618 381 675 447 καί
695 378 878 471 ἐντυχόντα
895 395 969 459 ταῖς
982 407 1065 469 πρε-

107 487 231 568 σβείαις
246 478 466 567 Ἀλέξανδρον
491 479 580 568 ὑπὲρ
596 478 765 566 Ῥωμαίων
782 506 813 549 τι
829 485 888 566 τῆς
907 482 1065 570 ἐσομένης

108 583 141 661 ἐς
159 581 196 650 τό
217 587 328 650 ἔπειτα
345 582 520 668 δυνάμεως
536 581 800 668 μαντεύσασθαι,
817 581 877 649 τόν
890 607 926 650 τε
939 581 1066 669 κόσμον

106 685 176 750 τόν
202 681 339 770 ἀνδρῶν
359 683 475 752 ἰδόντα
500 684 558 752 καί
575 681 612 751 τό
631 681 819 770 φιλόπονόν
841 683 950 751 τεκαὶ
970 686 1066 752 ἐλευ-

80 785 224 871 ιθέριον
241 783 299 852 καὶ
316 784 392 872 περὶ
409 787 469 852 τοῦ
488 782 728 870 πολιτεύματος
745 780 812 870 ἅμα
830 783 1066 854 ὃιαπυνθανό-·

106 911 218 972 μενον.
258 886 316 953 καὶ
340 888 440 953 τοῦτο
458 882 536 953 οὔτε
554 883 600 964 ολς
617 883 753 971 ἀτρεκὲς
771 883 849 952 ούτε
866 884 911 964 άς
929 882 1100 954 άπιστονσ

108 986 216 1072 πάντη
243 984 433 1071 ἀνέγραψα·
479 985 566 1070 πλήν
592 1011 630 1071 γε
657 985 699 1072 δὴ
725 982 801 1053 ούτε
826 1011 874 1064 τις
898 983 1068 1073 Ῥωμαίων

106 1087 195 1174 ὑπὲρ
221 1089 280 1174 τῆς
307 1093 485 1175 πρεσβείας
510 1085 637 1174 ταύτης
664 1083 708 1164 οἱς
734 1084 825 1173 παρά
848 1084 1070 1175 Ἁλέξανδρον

109 1195 286 1276 σταλείσης
303 1187 437 1276 μνήμην
456 1187 633 1274 ἐποιήσατό
645 1213 731 1274 τινα,
750 1185 829 1256 οὔτε
841 1191 911 1255 τῶν
923 1187 964 1256 τά
973 1187 1068 1256 Ἀλε-

69 1289 255 1376 ιοξάνθρου
288 1289 514 1377 γραψάντων,
549 1283 600 1368 οἷς
626 1308 689 1356 τισι
722 1290 851 1376 μᾶλλον
885 1289 950 1374 ἐγώ
984 1289 1070 1374 ξυμ-

108 1391 263 1478 φέρομαι,
290 1397 497 1477 Πτολεμαῖος
523 1388 542 1457 ὁ
569 1387 687 1474 Λάγου
719 1390 776 1458 καὶ
800 1386 1070 1477 Ἀριστόβουλος·

110 1490 192 1560 ούδέ
218 1493 264 1582 τῷ
287 1485 456 1578 Ῥωμαίων
483 1490 696 1578 πολιτεύματι
723 1489 870 1570 ἐπεοικὸς
892 1483 948 1578 ἦν,
975 1493 1070 1558 ἐλευ-

108 1594 202 1684 θέρῳ
230 1590 271 1678 θη
297 1593 372 1661 τότε
400 1595 434 1672 ἐς
459 1593 500 1660 τά
526 1591 668 1680 μάλιστα
694 1589 783 1678 όντι,
816 1589 906 1679 παρά
932 1592 1071 1680 βασιλέα

109 1689 321 1782 ἀλλόφυλον,
338 1693 448 1773 άλλως
466 1720 501 1762 τε
518 1695 576 1762 καὶ
594 1697 629 1772 de
641 1691 780 1762 τοσόνδε
793 1691 859 1760 ἀπό
873 1694 931 1780 τῆς
946 1699 1071 1770 οἰκείας

70 1820 96 1860 15
110 1799 326 1882 πρεσβεῦσαι,
352 1793 432 1864 ούτε
457 1795 567 1882 φόβου
596 1793 873 1878 ἐξαναγκάζοντος
900 1792 979 1862 οὕτε
996 1789 1068 1861 κατ’

111 1899 232 1966 ἐλπίδα
251 1892 426 1982 ἀφελείας,
443 1901 530 1983 μίσει
552 1922 600 1981 τε,
628 1905 722 1982 εἰπερ
740 1896 831 1974 τινάς
848 1893 983 1983 ἄλλους,
1009 1897 1070 1963 τοῦ

108 2003 317 2086 τυραννικοῦ
342 1999 464 2082 γένους
488 1997 603 2066 τεκαὶ
630 1993 792 2083 ὀνόματος
818 1997 1071 2084 κατεχομένους.

183 2096 238 2168 Ἐκ
247 2097 370 2167 τούτου
386 2095 428 2184 δὴ
440 2094 661 2186 Ἡρακλείδην
675 2097 735 2166 τόν
741 2096 899 2186 Ἀργαίου
916 2099 1072 2184 ἐκπέμπει
1084 2105 1122 2169 16

110 2203 145 2280 ἐς
172 2198 351 2288 Ὑρκανίαν
378 2198 575 2286 ναυπηγούς
599 2195 666 2285 άμα
691 2194 725 2268 οἰ
749 2197 887 2286 ἄγοντά,
912 2199 1073 2276 κελεύσας

68 2328 94 2368 ιο
109 2300 201 2388 ύλην
227 2301 369 2388 τεμόντα
396 2302 432 2369 ἐκ
458 2303 527 2368 τάν
545 2299 636 2386 ὀρῶν
652 2303 723 2367 τόν
737 2298 922 2386 Ὑρκανίων
938 2325 1074 2386 ναυπη-

109 2409 249 2490 γεῖσθαι
280 2405 366 2480 ναῦς
400 2398 530 2488 μακράς
556 2399 750 2489 ἀφράκτους
775 2425 811 2467 τε
836 2401 893 2468 καὶ
919 2423 1072 2488 πεφραγ-

108 2505 216 2592 μένας
246 2504 280 2582 ἐς
305 2497 366 2570 τόν
391 2501 518 2589 κόσμον
550 2502 608 2570 τὸν
632 2500 832 2588 Ἑλληνικόν.
877 2497 982 2579 πόθος
1008 2500 1107 2588 γάρη

110 2603 203 2692 εἶχεν
221 2599 326 2672 αύτὸν
343 2601 401 2670 καί
418 2601 544 2690 ταύτην
563 2605 724 2689 ἐκμαθεῖν
741 2603 803 2688 τὴν
816 2600 994 2670 θάλασσαν
1012 2600 1075 2688 την

110 2710 274 2776 Κασπίαν
304 2729 340 2772 τε
372 2704 429 2772 καὶ
452 2701 630 2791 Ὑρκανίαν
661 2706 870 2790 καλουμένην
901 2709 984 2794 ποίᾳ
1008 2704 1074 2771 τινλ

69 2833 96 2876 25
110 2805 296 2896 ξυμβάλλει
327 2803 504 2894 θαλάσση,
536 2804 659 2892 πότερα
690 2809 733 2892 τῇ
766 2807 826 2873 τοῦ
860 2803 986 2872 πόντου
1012 2808 1073 2872 τού

110 2904 283 2990 Εύξείνου
310 2899 331 2992 ἢ
357 2903 424 2974 ἀπὸ
443 2912 501 2994 τῆς
521 2905 606 2998 ἐρέας
624 2909 684 2993 τῆς
703 2903 776 2973 κατ’
795 2900 924 2984 Ἰνδούς
943 2907 1075 2993 ἐκπερι-

110 3008 275 3098 ερχομένη
301 3005 322 3095 ἡ
347 3006 474 3095 μεγάλη
500 3009 655 3077 θάλασσα
677 3004 850 3093 ἀναχεῖται
876 3011 923 3086 εἰς
949 3007 1076 3076 κόλπον

110 3110 173 3181 τόν
187 3107 374 3197 Ὑρκάνιον,
389 3107 542 3198 καθάπερ
555 3101 619 3177 οὖν
633 3110 691 3177 καλ
700 3107 760 3177 τόν
771 3108 939 3196 Περσικόν
950 3109 1076 3195 ἐξεῦρε,

110 3211 174 3301 τὴν
193 3209 346 3299 ἐρυθρὰν
355 3209 396 3296 δὴ
414 3211 624 3298 καλουμένην
632 3210 823 3296 θάλασσαν,
832 3207 959 3278 κόλπον
967 3201 1076 3277 οὖσαν

70 3315 170 3402 οοτῆς
197 3311 343 3398 μεγάλης
367 3310 551 3400 θαλάσσης.
601 3309 641 3379 ού
667 3310 732 3399 γάρ
759 3336 811 3380 πω
839 3309 1014 3398 ἐξεύρηντο
1040 3315 1109 3378 αίε

111 3426 216 3514 ἀρχαὶ
243 3427 300 3508 τῆς
318 3431 474 3504 Κασπίας
500 3423 695 3512 θαλάσσης,
722 3433 831 3494 καίτοι
855 3430 969 3496 ἐθνῶν
994 3427 1079 3495 ταύ-

111 3554 152 3618 τῃ
181 3524 370 3594 οἰκούντων
397 3523 460 3594 ούκ
491 3522 618 3612 ὀλίγων
652 3525 709 3594 καὶ
736 3532 895 3616 ποταμῶν
927 3534 1080 3618 πλοίμων
