2650 3948
488 281 675 334 εαιεεειε
693 284 718 346 ι,
735 284 778 334 ιε.
1069 281 1112 346 43

148 426 200 514 τῷ
217 428 318 510 τείχει
338 427 385 514 τῷ
402 422 690 510 καταπεπτωκότι,
715 422 911 511 στενοτέρας
932 417 1007 510 τεῆ
1028 421 1112 492 κατά

148 524 188 593 τό
207 529 340 612 πλῆθος
358 518 473 592 αότῶν
489 530 548 612 τῆς
565 525 718 613 παρόδου
736 522 841 611 οὔσης
857 524 914 592 καί
930 529 1000 593 τῶν
1012 551 1112 593 κατε-

150 626 365 714 ρηριμμένων
376 627 438 694 τοῦ
455 632 587 714 τείχους
603 624 753 714 χαλεπὴν
768 624 831 714 τὴν
842 623 1032 715 ὑπέρβασιν
1045 622 1111 695 αὖ·

149 740 222 807 τοῖς
239 725 466 815 παρεχόντων.

119 856 136 897 ι
233 837 312 908 Τοῖς
331 828 369 897 δὲ
387 826 471 897 κατά
488 825 527 898 τδ
548 835 721 918 Τρίπυλον
740 830 964 917 ἐκδραμοῦσιν
981 827 1111 914 ἀπήντα
1128 843 1144 894 ί

150 937 359 1017 Πτολεμαῖος
389 927 408 999 ὁ
442 925 733 1018 σωματοφύλαξό
763 929 952 1017 βασιλικός,
982 929 1045 1018 τήν
1076 957 1112 1000 τε

148 1025 309 1100 Ἀδδαίου
340 1029 398 1098 καί
436 1029 629 1119 Τιμάνδρου
656 1028 724 1118 ἅμα
747 1026 785 1100 οἷ
810 1030 904 1114 τάξιν
935 1030 1027 1120 ἄγων
1055 1032 1110 1100 καὶ

150 1137 244 1201 ἐστιν
261 1128 322 1212 οὓς
339 1135 408 1200 τῶν
425 1137 549 1214 ψιλῶν·
567 1132 624 1200 καὶ
641 1124 735 1201 οὗτοι
750 1129 833 1201 οὐδὲ
846 1131 944 1202 αὐτοὶ
959 1139 1111 1221 χαλεπῶς

152 1234 336 1323 ἐτρέψαντο
352 1231 430 1313 τούς
458 1235 494 1302 έκ
510 1239 570 1320 τῆς
587 1233 723 1314 πόλεως.
758 1233 881 1320 ξυνέβη
899 1233 938 1302 δέ
954 1235 1012 1302 καί
1028 1233 1111 1303 τοό-
1128 1245 1145 1296 ⁶

109 1365 137 1404 ιο
150 1361 219 1416 τοις
245 1337 347 1425 ἐντῄ
371 1329 581 1422 ἀποχωρήσει
603 1333 688 1404 κατά
719 1332 841 1421 στενὴν
871 1335 1028 1424 γέφυραν
1049 1333 1112 1424 τὴν

151 1437 209 1506 ἐπὶ
225 1441 284 1524 τῆς
300 1436 433 1527 τάφρου
447 1439 672 1524 πεποιημένην
688 1435 855 1524 φεύγουσι
870 1434 932 1523 τήν
948 1463 984 1505 τε
1000 1438 1111 1523 γέφυ-

151 1565 217 1627 ραν
246 1532 356 1624 αὐτὴν
385 1531 455 1607 όπδ
486 1536 638 1624 πλήθους
668 1539 847 1627 ξυντρῖψαι
877 1537 934 1605 καί
965 1536 1112 1618 πολλοδς

151 1635 268 1708 αὐτῶν
282 1641 315 1718 ές
327 1637 390 1726 τὴν
402 1637 533 1728 τάφρον
547 1637 750 1727 ἐμπεσόντας
762 1637 842 1718 τούς
854 1637 917 1726 μέν
929 1636 998 1708 όπδ
1013 1643 1111 1726 σφάν

151 1741 447 1826 καταπατηθέντας
471 1744 718 1828 διαφθαρῆναι,
741 1738 822 1820 τούς
846 1739 885 1808 δέ
903 1741 960 1808 καὶ
976 1738 1112 1809 ἀνωθεν

112 1835 221 1909 ιεόιιὸ
243 1845 313 1908 τῶν
337 1839 550 1911 Μακεδόνων
574 1842 812 1928 βαλλομένους.
853 1838 872 1909 ὁ
898 1849 1050 1921 πλεῖστος
1074 1840 1144 1911 δέῦ

151 1939 257 2032 φόνος
275 1941 353 2030 περὶ
375 1956 448 2022 ταῖς
472 1939 593 2022 πάλαις
617 1937 736 2023 αόταίς
753 1942 888 2030 ξυνέβη,
911 1941 962 2012 ότι
982 1939 1004 2031 ἡ
1027 1941 1111 2030 ξάγ-

152 2051 273 2122 κλεισις
296 2045 365 2112 τάν
382 2047 502 2112 πυλῶν
525 2043 654 2130 φοβερά
677 2044 792 2113 τεκαὶ
815 2043 881 2134 πρό
908 2049 969 2113 τοῦ
992 2047 1111 2132 καιροῦ

151 2145 330 2232 γενομένη,
348 2143 532 2214 δεισάντων
544 2142 590 2233 μή
609 2145 859 2214 συνεισπέσοιεν
874 2159 945 2225 τοίς
959 2144 1110 2234 φεύγου-

152 2266 207 2316 σιν
225 2242 377 2334 ἐχόμενοι
394 2242 510 2314 αὐτῶν
527 2249 563 2313 οί
578 2245 786 2332 Μακεδόνες,
804 2245 951 2326 πολλοῦς
968 2247 1111 2316 καὶτῶν

114 2374 140 2416 ιο
153 2353 276 2436 φιλίων
291 2352 350 2434 τῆς
364 2345 498 2416 εἰσόδου
512 2342 718 2434 ἀπέκλεισεν,
736 2344 798 2428 οδς
815 2346 898 2436 πρὸς
912 2341 1028 2426 αότοίς
1040 2361 1111 2427 τοῖς

152 2455 296 2535 τείχεσιν
313 2452 348 2516 οί
363 2445 561 2528 Μακεδόνες
580 2449 783 2535 διέφθειραν.
816 2449 874 2516 καί
891 2443 973 2536 παρ’
993 2444 1111 2533 ὀλίγον
1127 2458 1144 2511 ί

152 2542 234 2636 ἧκεν
246 2543 373 2617 άλῶναι
390 2542 531 2636 ἡπόλις,
550 2554 583 2617 εί
597 2549 642 2636 μὴ
656 2547 871 2637 Ἀλέξανδρος
888 2546 1111 2618 ἀνεκαλέσατο

152 2649 190 2719 τδ
208 2649 407 2739 στράτευμα,
425 2657 472 2719 ἔτι
493 2654 653 2719 διαστᾶσαι
671 2650 799 2718 ἐθέλων
815 2649 880 2738 την
893 2649 1110 2740 Ἀλικαρνασ-

154 2750 228 2838 σόν,
251 2761 287 2821 εί
305 2777 336 2819 τι
360 2759 475 2838 φίλιον
493 2753 648 2838 ἐνδοθείη
673 2753 794 2820 ἐκτῶν
812 2747 1110 2840 Ἁλικαρνασσέων.

116 2881 142 2922 ιε
153 2852 327 2921 ἀπέθανον
341 2851 379 2921 δὲ
394 2858 464 2921 τῶν
480 2851 543 2941 μέν
561 2854 597 2921 ἐκ
614 2857 673 2940 τῆς
689 2851 817 2932 πόλεως
836 2856 869 2933 ἐς
886 2860 1024 2942 χιλίους,
1042 2857 1111 2922 τόν

154 2954 193 3023 δέ
209 2952 273 3036 ξδν
287 2950 494 3046 Ἀλεξάνδρῳ
512 2950 599 3042 ἀμφὶ
615 2953 694 3034 τούς
711 2955 975 3041 τεσσαράκοντα,
998 2955 1055 3023 καί
1074 2957 1111 3022 ἐν

153 3054 282 3134 τούτοις
299 3054 506 3143 Πτολεμαῖός
523 3081 559 3124 τε
576 3046 594 3123 ό
614 3054 853 3142 σωματοφύλαξ
871 3057 929 3122 καὶ
942 3057 1112 3143 Κλέαρχος

153 3153 170 3227 ό
187 3155 344 3243 τοξάρχης
361 3157 418 3224 καὶ
431 3152 602 3243 Ἀδδαίος,
620 3161 788 3244 χιλίαρχος
805 3148 921 3243 οὖτος,
945 3157 1002 3225 καὶ
1019 3152 1111 3225 ἄλλοι

153 3263 221 3327 τάν
245 3255 308 3327 οὐκ
326 3254 544 3345 η’μελημένων
562 3256 782 3328 Μακεδόνων.

120 3383 145 3426 ιο
219 3357 327 3430 ’Ένθκ
345 3357 387 3447 δὴ
406 3357 626 3441 ξυνελθόντες
643 3363 678 3427 οί
693 3356 853 3446 ἡγεμόνες
871 3363 941 3428 τῶν
954 3361 1109 3446 Περσῶν,
1119 3366 1160 3432 23

151 3459 385 3550 Ὀροντοβάτης
408 3487 444 3529 τε
463 3460 520 3528 καί
538 3461 702 3549 Μέμνων,
720 3460 777 3526 καί
795 3461 916 3528 ἐκτῶν
933 3460 1110 3549 παρόντων

154 3562 291 3650 γνόντες
315 3565 404 3650 σφᾶς
426 3589 462 3630 τε
485 3560 526 3631 οὐ
551 3560 761 3640 δυναμένους
784 3561 837 3629 ἐπὶ
850 3559 943 3630 πολι)
962 3559 1110 3648 ἀντέχειν
