2650 3948
482 276 667 328 εεεεεειε
685 279 714 340 ι,
733 278 758 328 ι.
1076 275 1099 340 3

137 407 268 504 άμάξας
285 415 343 486 καὶ
360 414 606 505 προβαλόμενοι
622 415 688 506 πρό
706 422 804 505 σφαδν
821 415 889 505 ἅμα
901 415 963 504 μέν
980 415 1099 506 χάρακι

140 520 286 606 έχρύυτο
303 531 378 598 ταῖς
391 515 529 606 ἁμάξαις
543 522 590 598 εἰς
602 516 641 587 τδ
655 515 885 607 ἀπομάχεσθαι
898 516 956 587 ἀπ’
972 515 1098 603 αὐτῶν,

139 625 173 688 ελ
187 617 365 706 βιάζοιντο·
383 617 452 707 ἅμα
470 617 508 687 δὲ
526 621 563 688 ἐν
580 625 631 712 νςό
649 617 741 707 εἶχον
755 620 929 708 ἐπαφιέναι
946 615 1100 688 άνιούσιν

139 712 164 810 ᾗ
189 717 446 808 άποτομύτατον
467 725 530 789 τού
553 715 655 809 ὅρους
679 721 734 789 έπὶ
758 719 822 808 την
848 719 1004 809 φάλαγγα
1029 725 1100 788 τῶν

113 820 354 892 εΜακεδόνων
376 819 436 902 τάς
458 817 595 910 ἁμάξας.
629 820 768 910 γνάμην
791 821 830 890 δὲ
852 827 1032 908 πεποίηντο
1050 819 1101 889 ὅτι

140 916 210 1014 ὅσῳ
242 922 431 1012 πυκνοτέρᾳ
463 927 506 1012 τῇ
540 921 687 1010 φάλαγγι
715 921 981 1011 καταφερόμεναι
1011 942 1100 1010 συμ-

140 1025 295 1110 μίξουσιν
306 1027 345 1092 αδ
354 1021 485 1112 ἅμαξαι,
499 1027 626 1116 τοσῷδε
638 1023 768 1111 μᾶλλόν
779 1050 811 1092 τι
823 1022 1101 1092 διασκεδάσουσιν

141 1121 251 1211 αὐτὴν
267 1130 327 1214 βίᾳ
345 1127 554 1212 ἐμπεσοῦσαι.
1206 1187 1207 1190 ,

215 1223 424 1316 Ἀλεξάνδρφ
438 1225 476 1294 δὲ
488 1223 595 1312 βουλὴ
608 1230 756 1311 γίγνεται
769 1223 859 1305 ὅπως
868 1221 1100 1313 ἀσφαλέστατα
1132 1235 1150 1287 8

103 1351 130 1392 ιο
142 1317 329 1415 ύπερβαλεῖ
339 1325 377 1396 τδ
391 1324 485 1412 ὄρος·
499 1327 556 1395 καὶ
570 1324 682 1412 ἐπειδὴ
699 1325 806 1395 ἐδόκει
815 1327 1100 1414 διακινδυνευτέα,

142 1424 184 1498 ού
210 1426 274 1516 γάρ
299 1425 385 1497 εἶναι
407 1425 492 1516 άλλη
515 1425 578 1515 τὴν
601 1425 767 1515 πάροδον,
791 1427 1012 1514 παραγγέλλει
1030 1441 1101 1508 τοῖς

143 1526 311 1613 ὁπλίταις,
342 1521 443 1598 ὁπότε
466 1528 705 1616 καταφέροιντο
726 1526 810 1597 κατά
832 1533 894 1596 τού
918 1524 1042 1617 όρθίου
1066 1531 1104 1595 αἱ

144 1627 265 1717 ἅμαξαι
288 1628 379 1710 ὅσοις
402 1627 465 1716 μὲν
487 1625 567 1708 δδδς
589 1637 729 1699 πλατεῖα
746 1620 832 1698 ούσα
849 1629 986 1717 παρέχοι
1002 1633 1102 1697 λύσαι

143 1729 206 1818 τὴν
228 1729 337 1817 τάξιν,
366 1728 506 1810 τούτους
529 1729 568 1799 δὲ
590 1735 809 1818 διαχωρῆσαι,
841 1727 885 1811 άς
909 1727 953 1798 δι’
985 1723 1101 1798 αύτοῖν

106 1855 132 1896 1⁵
148 1834 301 1900 ἐκπεσεῖν
316 1829 375 1911 τάς
393 1827 534 1919 δμάξας·
558 1829 632 1900 ὅσοι
653 1829 691 1899 δὲ
708 1829 1100 1919 περικαταλαμβάνοιντο,
1134 1843 1151 1892 9

146 1931 408 2019 ξυννεύσαντας,
438 1930 517 2012 τούς
544 1931 582 2000 δὲ
604 1932 661 2000 καὶ
684 1930 850 2012 πεσόντας
872 1933 906 2012 ές
928 1936 993 2018 γῆν
1016 1949 1100 2018 συγ·

145 2041 275 2102 κλεῖσαι
300 2035 334 2114 ές
358 2030 490 2122 άκριβὲς
512 2031 577 2114 τάς,
596 2031 759 2120 άσπίδας,
789 2038 851 2102 τού
881 2029 956 2100 κατ’
989 2029 1103 2102 αύτύυ

146 2134 332 2223 φερομένας
354 2132 414 2214 τδς
437 2127 564 2221 άμάξας
586 2134 642 2203 καὶ
665 2138 708 2223 τῇ
732 2132 821 2223 ῥύμη
844 2132 927 2202 κατά
950 2133 988 2202 τδ
1013 2131 1103 2212 ελκδς

146 2228 392 2324 ύπερπηδάσας
415 2232 570 2322 άβλαβύς
595 2237 761 2304 ἐπελθεῖν.
790 2235 847 2302 καὶ
870 2233 958 2304 οὕτω
981 2235 1103 2320 ξυνέβη

109 2359 135 2400 ιο
147 2335 237 2416 ὅπως
255 2335 426 2425 παρῄνεσέ
444 2361 481 2406 τε
500 2332 718 2422 Ἀλέξανδρος
740 2335 797 2404 καὶ
814 2345 956 2405 εἴκασεν.
991 2338 1027 2403 οῖ
1041 2335 1103 2422 μὲν
1121 2349 1153 2400 10

148 2435 213 2526 γάρ
231 2437 365 2525 διέσχον
381 2435 444 2524 τὴν
461 2435 635 2524 φάλαγγα,
654 2441 692 2505 αῖ
707 2436 745 2506 δὲ
761 2433 848 2524 ύπὲρ
865 2441 934 2505 τεόν
950 2432 1104 2504 άσπίδεου

150 2541 414 2608 ἐπικυλισθεῖσαι
440 2534 538 2624 όλέγα
563 2543 727 2625 ἔβλαψαν·
752 2534 905 2606 άπέθανε
928 2535 967 2606 δὲ
989 2532 1104 2616 οὐδεὶς

148 2637 216 2708 ύπδ
228 2653 301 2719 ταῖς
319 2636 467 2727 ἁμάξαις.
497 2643 582 2708 ἔνθα
595 2636 636 2726 δη
654 2642 690 2707 οῖ
700 2637 894 2718 Μακεδόνες
906 2635 1104 2725 θαρσήσαν-

149 2767 220 2826 τες,
243 2738 294 2809 ότι
311 2737 468 2827 ἀβλαβεῖς
485 2736 619 2825 αὐτοῖς,
642 2735 682 2820 δὶς
699 2739 839 2828 μάλιστα
857 2741 1045 2824 ἐδεδίεσαν,
1070 2740 1108 2805 αῖ
1163 2825 1165 2830 ¹

113 2863 138 2908 τε
151 2839 270 2929 ἅμαξαι
287 2837 453 2927 ἐγένοντο,
472 2839 537 2909 σύν
553 2843 618 2930 βοῇ
636 2841 669 2920 ές
685 2838 766 2922 τούς
781 2845 916 2930 Θρᾷκας
934 2836 1104 2926 ἐνέβαλον.

148 2937 364 3031 Ἀλέξανδρος
395 2941 433 3010 δὲ
455 2938 535 3022 τούς
564 2939 699 3024 τοξότας
728 2939 791 3029 μὲν
814 2935 880 3009 άπδ
903 2945 963 3010 τού
994 2941 1104 3022 δεξιού
1124 2958 1154 3006 11

149 3045 254 3130 κέρως
277 3039 343 3127 πρδ
367 3047 427 3129 τῆς
453 3040 555 3129 ἄλλης
578 3041 769 3130 φάλαγγος,
796 3039 847 3111 δτι
871 3039 976 3132 ταύτη
1001 3037 1105 3110 εύπο-

151 3141 278 3234 ράτερα
294 3135 356 3230 ἦν,
381 3139 496 3212 ἐλθεῖν
514 3139 671 3212 ἐκέλευσε
693 3142 750 3211 καὶ
773 3138 960 3225 ἐκτοξεύειν
977 3144 1010 3222 ές
1026 3139 1106 3222 τοδς

152 3249 286 3336 Θρᾷκας
309 3241 375 3330 όπη
397 3243 654 3332 προσφέροιντο·
681 3241 783 3323 αύτδς
806 3242 845 3313 δὲ
868 3237 1047 3330 άναλαβιάν
1067 3242 1105 3312 τδ

117 3365 143 3409 ιο
153 3342 263 3434 άγημα
280 3344 337 3426 καὶ
352 3343 433 3423 τούς
444 3341 654 3424 ὑπασπιστάς
667 3345 725 3413 καλ
737 3341 817 3425 τούς
830 3340 1007 3435 Ἀγριᾶνας
1023 3342 1107 3411 κατά

152 3443 189 3514 τδ
214 3442 391 3534 εύύνυμον
412 3437 504 3532 ἦγεν.
553 3450 639 3516 ἔνθα
661 3443 703 3533 δὴ
727 3449 762 3516 οῖ
779 3444 908 3527 τοξόται
929 3443 1107 3531 βάλλοντες
1125 3452 1157 3504 12

152 3543 232 3627 τούς
249 3546 493 3636 προεκθέοντας
515 3551 583 3616 τάν
602 3551 746 3638 Θρᾳκῶν
769 3541 983 3615 άυέστελλον·
1006 3538 1107 3630 καὶὴ

922 3653 956 3706 l·
