2650 3948
214 231 259 302 30
567 229 819 290 ιλεεεαιεοε

215 379 275 445 τοῦ
295 372 388 464 δέμον
405 361 462 442 καὶ
480 369 659 442 ἀποκόπτει
671 370 732 442 τόν
751 364 842 460 ύμον
859 377 919 442 τού
938 371 1170 460 Σπιθριδάτου

215 477 279 560 ξύν
296 482 338 566 τῇ
356 479 482 544 κοπίδι·
509 475 566 544 καὶ
584 470 744 567 ἐντούτῳ
763 476 1016 562 ἐπεκβαίνοντες
1034 471 1087 543 άεί
1103 478 1172 542 τῶν

217 579 346 648 ίππέων
363 575 453 656 ὅσοις
479 571 666 664 προύχύρει
691 571 775 644 κατά
797 573 857 645 τόν
880 574 1031 664 ποταμόν
1048 595 1171 662 προσε-

112 718 115 728 =
216 686 374 766 γίγνοντο
390 691 460 757 τοῖς
478 673 563 764 ἄμφ’
580 675 807 764 Ἀλέξανδρον.

171 789 209 856 16
292 779 360 850 Καί
384 782 419 848 οί
434 778 561 866 Πέρσαι
578 777 755 866 παιόμενοί
774 805 810 848 τε
827 777 1040 867 πανταχόθεν
1056 776 1121 866 ἤδη
1140 779 1173 857 ἐς
1197 809 1211 850 ε

217 879 258 950 τά
282 879 445 971 πρόσωπα
469 876 568 948 αύτοί
590 906 626 948 τε
656 879 713 948 καί
737 883 833 948 ἵπποι
854 894 924 960 τοῖς
953 883 1085 962 ξυστοῖς
1116 879 1173 948 καί

217 980 303 1070 πρός
319 987 388 1050 τόν
406 980 536 1050 ἱππέων
555 980 794 1068 ἐξωθούμενοι,
821 979 928 1050 πολλά
954 980 992 1050 δδ
1014 981 1071 1049 καί
1088 979 1174 1070 πρός

217 1086 286 1153 τόν
304 1087 411 1164 ψιλόν
429 1080 704 1170 ἀναμεμιγμένων
716 1097 785 1162 τοίς
799 1085 935 1150 ίππεῦσι
951 1080 1175 1170 βλαπτόμενοι

218 1187 408 1271 ἐγκλίνουσι
436 1183 541 1273 ταύτη
566 1189 700 1271 πρῶτον
729 1175 754 1272 ᾗ
781 1176 994 1270 Ἀλέξανδρος
1016 1209 1174 1272 προεκιν-

217 1284 372 1356 δύνευεν.
407 1281 452 1365 ὡς
471 1283 509 1354 δέ
525 1281 563 1352 τό
578 1285 681 1373 μέσον
694 1282 887 1353 ἐνεδεδώκει
904 1282 1030 1372 αὐτοῖς,
1047 1309 1173 1373 παρερ-
1187 1315 1213 1355 ιο

218 1385 364 1476 ρήγνυτσ
389 1382 431 1473 δὴ
449 1386 505 1454 καί
522 1382 562 1454 τά
582 1380 638 1473 ἐφ’
666 1381 803 1474 ἑκάτερα
825 1390 884 1472 τῆς
902 1389 1026 1472 ἵππου,
1050 1386 1106 1454 καί
1129 1378 1175 1472 ἦν

185 1502 201 1552 2
219 1487 260 1575 δὴ
279 1485 372 1576 φυγὴ
390 1485 544 1577 καρτερά.
575 1491 644 1554 τάν
660 1485 723 1574 μέν
742 1484 782 1573 δὴ
803 1488 932 1556 ίππέισν
948 1491 1016 1556 τῶν
1030 1493 1175 1576 Περσων

218 1586 393 1660 άπέθανον
407 1591 440 1668 ἐς
453 1594 591 1675 χιλίους.
618 1583 658 1656 ού
673 1585 738 1675 γάρ
752 1585 857 1675 πολλὴ
870 1585 891 1675 ἡ
905 1591 1016 1670 δίωξις
1031 1590 1174 1676 ἐγένετο,

216 1686 267 1760 ὅτι
286 1687 443 1779 ἐξετράπη
457 1686 672 1775 Ἀλέξανδρος
696 1689 750 1757 ἐπί
766 1686 848 1769 τούς
865 1689 980 1771 ξένους
1000 1689 1081 1770 τούς
1097 1711 1175 1779 μισ-

217 1791 409 1880 θοφόρους·
438 1781 488 1859 ύν
511 1788 549 1860 τδ
575 1803 692 1878 στῖφος
715 1782 739 1880 ᾗ
762 1789 800 1858 τδ
824 1793 957 1878 πρῶτον
973 1789 1098 1879 ’ἐτάχθη
1117 1794 1173 1862 ἐκ·
1188 1819 1216 1862 ιι
1312 1830 1313 1850 ι

219 1889 335 1975 πλήξει
356 1891 485 1980 μᾶλλόν
502 1919 533 1960 τι
548 1893 608 1959 τοῦ
627 1890 822 1981 παραλόγου
839 1887 861 1978 ἢ
885 1898 1031 1984 λογισμῷ
1049 1899 1175 1986 βεβαίφ

219 1999 323 2082 ἔμενε.
359 1993 415 2062 καὶ
439 1989 568 2073 τούτοις
589 1991 652 2080 τήν
676 2019 713 2062 τε
735 1990 891 2079 φάλαγγα
917 1993 1094 2080 έπαγαγάν
1117 1995 1176 2063 καὶ

217 2092 298 2174 τούς
312 2091 433 2174 ίππέας
446 2093 556 2184 πάντη
575 2107 778 2183 προσπεσεῖν
790 2093 951 2174 κελεύσας
970 2094 1113 2186 ἐνμέσῳ
1132 2090 1174 2164 δι’

219 2193 337 2282 όλίγου
355 2194 552 2266 κατακόπτει
565 2191 700 2282 αύτούς,
719 2191 804 2263 ὥστε
816 2195 955 2283 διέφυγε
970 2194 1032 2282 μὲν
1049 2194 1174 2283 ούδείς,

219 2297 270 2367 ότι
286 2295 330 2386 μὴ
350 2297 489 2368 διέλαθέ
503 2323 551 2376 τις
570 2298 607 2366 ἐν
627 2310 697 2376 τοῖς
715 2309 863 2384 νεκροῖς,
883 2296 1118 2385 ἐζωγρήθησαν
1136 2297 1175 2367 δέ
1188 2327 1215 2369 εν

187 2414 204 2466 σ
222 2396 309 2488 ἀμφὶ
325 2395 405 2478 τούς
429 2403 620 2486 δισχιλίους.
659 2402 778 2466 ἔπεσον
796 2395 834 2466 δέ
857 2397 913 2465 καί
929 2395 1089 2486 ἡγεμόνες
1105 2404 1175 2468 τῶν

220 2504 365 2588 Περσων
382 2498 535 2586 Νιφάτης
558 2525 595 2568 τε
617 2498 674 2566 καὶ
697 2504 841 2585 Πετίνης
864 2497 920 2566 καί
945 2499 1175 2588 Σπιθριδάτης

218 2597 237 2669 ὁ
251 2605 382 2680 Λυδίας
396 2599 576 2688 σατράπης,
589 2599 646 2668 καὶ
660 2596 678 2667 ὁ
691 2604 760 2666 τῶν
773 2604 1012 2670 Καππαδοκῶν
1024 2599 1175 2690 ὕπαρχος

220 2699 499 2790 Μνθροβουζάνης
516 2700 573 2768 καὶ
591 2699 803 2787 Μιθριδάτης
821 2696 839 2769 ὁ
858 2707 1007 2790 Δαρείου
1025 2702 1175 2792 γαμβρός

219 2802 277 2870 καί
287 2799 517 2890 Ἀρβουπάλης
531 2799 549 2870 ό
565 2807 715 2889 Δαρείου
728 2805 790 2869 τού
800 2798 1012 2890 Ἀρταξέρξου
1026 2818 1105 2882 παῖς
1118 2807 1174 2872 καὶ
1188 2834 1216 2876 τι,

223 2902 410 2993 Φαρνάκης,
429 2900 573 2990 άδελφδς
587 2895 685 2982 οὗτος
698 2907 755 2990 τῆς
769 2908 917 2992 Δαρείου
931 2904 1101 2992 γυναικός,
1119 2907 1175 2975 καί

219 3002 238 3075 ό
253 3011 322 3074 τῶν
335 3006 439 3087 ξένων
453 3001 589 3092 ἡγεμάν
602 3001 755 3091 Ὠμάρης.
779 2998 928 3092 Ἀρσίτης
942 3004 980 3073 δέ
994 3008 1030 3074 ἐκ
1042 3005 1105 3095 μέν
1117 3011 1176 3094 τῆς

220 3103 327 3196 μάχης
344 3104 460 3194 φεύγει
479 3107 512 3186 ἐς
527 3111 694 3195 Φρυγίαν,
714 3107 784 3174 ἐκεί
798 3104 836 3175 δὲ
853 3102 1060 3193 ἀποθνήσκει
1073 3103 1176 3189 αύτδς

221 3206 304 3296 πρὸς
322 3199 440 3295 αύτού,
460 3202 504 3287 άς
522 3205 630 3293 λόγος,
649 3205 699 3276 ότι
716 3217 818 3287 αἰτιος
832 3205 938 3276 ἐδόκει
954 3209 1099 3298 Πέρσαις
1116 3236 1172 3297 γε·

220 3310 340 3378 νέσθαι
356 3312 417 3377 τού
437 3309 473 3376 ἐν
489 3312 537 3400 τῷ
553 3306 631 3377 τότε
647 3314 860 3396 πταίσματος.
1187 3338 1214 3380 ιο

185 3424 204 3476 4
298 3407 508 3482 Μακεδόνων
522 3407 560 3478 δέ
572 3413 641 3477 τῶν
653 3409 716 3497 μὲν
727 3410 866 3498 ἑταίρων
879 3407 964 3498 ἀμφὶ
977 3409 1058 3492 τούς
1072 3421 1176 3482 εἴκοσι

220 3512 277 3582 καὶ
301 3510 400 3582 πέντε
425 3513 462 3582 ἐν
485 3515 527 3602 τῇ
552 3508 667 3600 πρύτη
699 3515 870 3600 προσβολῇ
900 3508 1087 3582 άπέθανον·
1119 3513 1176 3583 καὶ
