2678 3950
235 272 296 336 194
551 271 806 330 ΑΔΕΞΔΝΔΡΟΤ

232 434 303 498 τοῖν
322 426 547 516 Μακεδόνων,
574 426 619 508 σός
638 428 678 496 οό
696 429 888 518 γενομένων
905 427 948 498 ἄν
966 449 1079 517 σφισιν
1097 430 1194 514 ἄξιο·

232 530 368 618 μα’χων,
400 529 618 600 ἐπεκθέουσιν
652 533 685 610 ἐς
715 531 754 599 τό
784 533 916 600 πεδίον·
956 532 1012 600 καὶ
1041 539 1195 620 γίγνεται

233 628 349 700 αὐτῶν
369 631 456 720 μάχη
475 629 625 719 καρτερά.
673 632 730 700 καὶ
757 633 793 700 έν
817 631 923 719 ταότη
944 640 1105 702 πίπτουσι
1127 633 1194 721 μέν

233 735 302 800 τῶν
312 733 494 820 βαρβάρων
504 735 538 811 ές
548 739 801 818 πεντακοσίους,
813 737 933 814 ζῶντες
946 732 984 800 δὲ
995 733 1193 822 ἐλήφθησαν

234 832 322 921 ὑπὲρ
341 833 419 914 τούς
439 833 680 920 ἑβδομήκοντα·
721 837 757 902 οἱ
778 832 817 901 δέ
839 834 950 901 λοιποὶ
969 837 1007 904 έν
1028 837 1070 923 τῇ
1095 835 1223 906 πόλειε

234 932 466 1020 ξυμφυγόντες
490 933 701 1021 βεβαιότερον
726 932 790 1022 ἤδη
817 944 970 1023 είργοντο
996 937 1054 1021 τῆς
1080 935 1192 1023 χοέρας

201 1049 216 1098 9
234 1033 303 1104 όπό
319 1037 387 1101 τῶν
414 1037 449 1104 ἐκ
466 1037 527 1103 τοῦ
548 1037 815 1122 ἐπιτειχίσματος.
855 1036 912 1104 καὶ
926 1036 1134 1128 Ἀλεξάνδρῳ
1152 1037 1193 1104 δὲ

233 1138 302 1204 τῶν
317 1133 432 1223 Ὤρων
458 1133 479 1222 ἡ
506 1144 680 1222 πολιορκία
707 1135 747 1203 οό
774 1135 901 1224 χαλεπὴ
932 1139 1081 1224 ἐγένετο,
1112 1131 1190 1205 ἀλλ’

233 1235 342 1316 εόθδς
357 1238 390 1318 ἐξ
406 1236 532 1323 ἐφόδου
546 1235 747 1322 προσβαλὼν
760 1251 830 1316 τοῖς
847 1243 969 1324 τείχεσι
985 1243 1044 1326 τῆς
1063 1237 1192 1318 πόλεως

235 1337 405 1426 ἐκρότησε,
418 1339 475 1406 καὶ
489 1336 568 1416 τούς
584 1337 766 1422 ἐλέφαντας
776 1337 854 1418 τούς
866 1340 1191 1426 ἐγκαταλειφθέντας
1205 1369 1232 1410 ιο

233 1443 341 1527 ἔλαβε.

187 1542 232 1607 28
313 1539 381 1609 Καὶ
398 1541 504 1607 ταῦτα
521 1543 558 1607 οί
573 1540 610 1607 ἐν
626 1551 696 1618 τοῖς
715 1544 863 1625 Βαζίροις
882 1537 927 1620 ιός
947 1547 1085 1628 ἔμαθον,
1102 1536 1190 1608 ἄπο-

233 1640 372 1729 γνόντες
397 1639 438 1708 τοὶ
465 1638 608 1726 σφέτερα
634 1637 814 1726 πράγματα
839 1639 927 1727 ἀμφὶ
944 1643 1047 1729 μέσας
1064 1640 1190 1720 νόκτας

232 1742 292 1829 την
318 1741 417 1809 πόλιν
445 1742 667 1825 ἐκλείπουσιν,
695 1746 824 1827 ἔφυγον
851 1741 889 1810 δὲ
914 1745 947 1822 ές
971 1742 1033 1828 τὴν
1052 1743 1188 1830 πέτραν.

233 1840 277 1923 ὥς
297 1841 335 1910 δέ
353 1843 410 1908 καὶ
429 1845 465 1909 οἱ
479 1838 574 1909 ἄλλοι
590 1840 754 1929 βάρβαροι
772 1847 948 1928 ἔπραττον·
969 1842 1190 1923 ἀπολιπόντες
1204 1871 1228 1912 ιε

232 1945 291 2023 τὰς
309 1941 421 2021 πόλεις
439 1941 626 2028 ξύμπαντες
644 1947 789 2029 ἔφευγον
804 1945 837 2023 ές
849 1943 911 2030 τὴν
928 1943 1054 2029 πέτραν
1087 1940 1190 2026 τὴνέν

232 2048 273 2132 τῇ
292 2041 383 2130 χοόρηι
397 2040 608 2129 τῆν”Αορνον
619 2044 839 2130 καλουμένην.
869 2044 954 2131 μέγα
967 2044 1033 2132 γόρ
1047 2071 1078 2112 τι
1090 2047 1189 2114 τοῦτο

232 2150 341 2231 χρῆμα
355 2144 477 2230 πέτρας
492 2145 528 2210 έν
542 2148 583 2232 τῇ
593 2142 686 2233 χοέρᾳ
699 2143 805 2232 ταότη
821 2147 904 2230 ε’στί,
918 2146 974 2213 καὶ
988 2145 1088 2230 λόγος
1100 2144 1188 2234 ὑπὲρ

233 2245 336 2331 αὐτῆς
358 2245 485 2330 κατέχει
504 2241 585 2312 οὐδὲ
601 2245 760 2332 Ἡρακλεῖ
777 2247 822 2335 τῷ
838 2245 921 2326 Διὸς
940 2244 1072 2314 ιὶλοιτόν
1091 2247 1187 2332 γενέ-

198 2366 215 2414 2
235 2357 315 2416 σθαι
332 2345 393 2433 τὴν
412 2347 547 2432 πέτραν.
592 2352 624 2414 εί
638 2344 701 2432 μὲν
718 2345 760 2431 δὴ
777 2348 834 2413 καί
854 2348 886 2424 ές
901 2345 1028 2426 Ἰνδοός
1047 2343 1186 2433 ἄφίκετο
1198 2375 1225 2416 ιο
1320 2365 1321 2381 ·

233 2447 430 2534 όἩρακλῆς
449 2443 466 2514 ό
487 2453 631 2535 Θηβαῖος
654 2441 711 2532 ἣό
735 2445 854 2534 Τόριος
871 2442 893 2534 ἣ
910 2445 928 2514 ὁ
948 2447 1133 2533 Αίγόπτιος
1154 2451 1186 2527 ές

233 2547 393 2636 ου’δέτερα
415 2552 480 2636 ἔχω
511 2555 764 2634 ἰσχυρίσασθαι·
802 2552 931 2632 μᾶλλον
957 2547 995 2616 δέ
1021 2553 1111 2617 δοκεῖ
1137 2545 1187 2616 ότι

234 2649 297 2718 οὐκ
314 2647 464 2735 ἀφίκετο,
482 2646 566 2715 ἀλλὰ
584 2647 773 2736 πάνταγὰρ
787 2645 849 2716 ὅσα
864 2648 990 2734 χαλεπὰ
1005 2653 1038 2717 οἰ
1051 2647 1185 2736 ἅνθρω-

234 2777 290 2819 ποι
308 2753 341 2830 ές
358 2745 498 2818 τοσόνδε
515 2745 579 2831 ἄρα
598 2745 759 2830 αὔξουσιν
777 2746 891 2817 αὐτῶν
908 2749 969 2836 τὴν
982 2749 1185 2838 χαλεπότητα

235 2849 279 2930 ὥς
304 2851 361 2918 καὶ
386 2853 435 2938 τῷ
448 2846 607 2934 Ἡρακλεῖ
630 2845 674 2916 όν
700 2847 810 2937 ἄπορα
834 2851 992 2936 γενέσθαι
1014 2851 1183 2937 μυθεύειν.
1198 2877 1223 2919 ιε

233 2949 326 3036 κάγώ
346 2947 433 3036 ὑπὲρ
450 2953 509 3033 τῆς
527 2949 650 3036 πέτρας
673 2949 796 3036 ταύτης
821 2947 910 3018 οὕτω
934 2951 1103 3038 γινοέσκω,
1128 2951 1186 3020 τόν

200 3051 393 3138 σἩρακλέα
412 3051 446 3128 ές
463 3048 593 3136 κόμπον
614 3051 674 3117 τοῦ
700 3049 804 3135 λόγου
824 3054 1084 3140 ἐπιφημίζεσθαι.
1128 3053 1186 3120 τὸν

233 3150 295 3240 μέν
322 3149 364 3238 δὴ
390 3149 517 3219 κόκλον
542 3153 601 3239 τῆς
624 3150 745 3240 πέτρας
770 3152 926 3238 λέγουσιν
945 3157 978 3233 ές
996 3158 1185 3233 διακοσίους

235 3259 392 3332 σταδίους
422 3251 562 3340 μάλιστα
595 3249 692 3339 εἶναι,
730 3249 816 3335 ὕψος
849 3253 888 3321 δέ
919 3251 1036 3341 αὐτῆς,
1069 3258 1185 3344 ἵναπερ

234 3351 510 3443 χθαμαλώτατον,
528 3357 675 3422 σταδίων
689 3355 819 3440 ἕνδεκα,
832 3355 889 3421 καὶ
901 3351 1066 3443 ἀντίβασιν
1079 3379 1182 3444 χειρο-
1196 3381 1221 3423 οο

234 3465 373 3544 ποίητον
394 3461 476 3542 μίαν
500 3454 664 3542 χαλεπήν·
691 3452 778 3523 εἶναι
799 3456 838 3524 δέ
856 3457 912 3523 καὶ
930 3453 1025 3542 ὕδωρ
1045 3456 1081 3523 έν
1100 3453 1185 3547 όὶκρα

232 3559 275 3643 τῇ
303 3556 408 3648 πέτρᾳ
432 3553 518 3624 πολό
545 3557 602 3624 καὶ
628 3555 798 3645 καθαρόν,
830 3554 942 3643 πηγὴν
968 3553 1183 3644 ἀνίσχουσαν,
