2650 3948
479 254 661 306 λαιοοειε
679 257 703 319 ι,
719 257 745 307 τ.
1058 255 1097 322 13

136 393 389 486 φυλαττομένας
399 390 477 463 οότε
485 391 644 483 χάρακαή
658 391 787 485 τάφρον
796 396 1100 486 προβεβλημένους,

138 492 193 567 ολα
207 495 249 583 δή
267 495 330 578 ξάν
348 493 443 588 φόβφ
461 492 672 583 ἀπηλλάχθαι
688 497 852 585 οἰομένων
866 496 1098 588 Ἀλέξανδρον,

139 600 174 678 ἐς
191 603 295 685 μῆκος
309 595 346 666 δλ
360 594 423 666 οάκ
438 593 607 685 ὠφέλιμον
633 595 879 688 ἀποτεταμένην
906 597 1020 680 αὐτοῖς
1036 597 1099 686 τήν

137 696 249 786 τάξιν,
273 695 341 767 ἀπὸ
358 696 465 767 νύκτα
483 704 531 768 ἐτι
548 697 665 767 λαθών
682 705 845 786 διαβαίνει
861 699 922 769 τόν
939 699 1100 788 ποταμόν,

99 826 113 868 ι
138 799 220 881 τοός
236 826 272 869 τε
289 796 499 879 ὑπασπιστάς
518 797 586 887 ἅμα
600 794 637 868 ολ
651 798 744 887 ἀγων
760 801 817 869 καὶ
833 800 912 882 τοδς
926 798 1100 890 Ἀγριᾶνας

139 898 197 970 καλ
229 898 310 981 τούς
338 899 473 982 τοξότας
499 901 556 968 καλ
581 899 643 988 τήν
668 905 859 989 Περδίκκου
890 903 947 971 καὶ
972 908 1100 973 Κοίνου

138 1001 242 1084 τάξιν.
281 1003 339 1070 καὶ
362 1003 583 1088 προστέτακτο
609 1001 671 1090 μέν
688 999 890 1073 ἀκολουθεῖν
911 1001 973 1091 τήν
996 1002 1101 1090 ἀλλην
1118 1015 1151 1066 1⁰

140 1102 313 1191 στρατιάν·
341 1100 386 1183 ὥς
399 1101 438 1172 δὲ
454 1101 572 1191 καιρόν
585 1101 676 1172 ελδεν
693 1108 740 1183 είς
759 1106 922 1191 ἐπίθεσιν,
940 1101 981 1174 οά
995 1126 1101 1191 προσ-

139 1212 257 1294 μείνας
288 1202 375 1292 ὁμοά
403 1204 562 1291 γενέσθαι
584 1203 711 1284 πάντας
742 1205 844 1291 ἐφῆκε
865 1204 945 1286 τους
967 1205 1102 1288 τοξότας
1234 1211 1235 1215 ’

101 1333 128 1373 ιο
141 1306 199 1375 καλ
210 1305 290 1386 τοδς
305 1303 498 1394 Ἀγριᾶνας·
517 1309 553 1374 οί
563 1305 601 1374 δὲ
618 1303 865 1395 ἀπροσδόκητοί
874 1332 910 1374 τε
924 1305 1101 1376 ἐπιπεσόν·

139 1434 194 1488 τες
223 1407 280 1476 καλ
308 1405 454 1495 φάλαγγι
476 1404 560 1475 κατὰ
584 1408 700 1495 κέρας,
732 1399 821 1496 ήπερ
845 1403 1102 1489 ἀσθενεστάτοις

141 1506 257 1589 αάτοϊς
280 1507 510 1598 καρτερωτάτῃ
533 1510 577 1597 τή
595 1511 719 1598 ἐμβολῇ
738 1509 933 1596 προσμίξειν
951 1515 1101 1596 ἔμελλον,

140 1608 221 1690 τοδς
244 1609 307 1698 μὲν
331 1615 377 1678 ἔτι
404 1611 440 1678 ἐν
464 1624 538 1690 ταῖς
564 1603 679 1689 εάναίς
702 1610 929 1698 κατέκτεινον,
958 1607 1038 1689 τοδς
1064 1610 1103 1678 δλ

142 1711 330 1799 φεύγοντας
339 1708 493 1799 εὐμαρῶς
502 1715 688 1798 αἱροῦντες,
703 1709 787 1780 ὥστε
795 1711 914 1780 πολλοὶ
925 1709 988 1800 μὲν
997 1707 1102 1779 αὐτοῦ

104 1839 131 1881 ιο
144 1811 441 1900 ἐγκατελήφθησαν
457 1812 513 1880 καὶ
526 1808 712 1900 ἀπίθανον,
730 1812 846 1880 πολλοὶ
860 1811 898 1881 δὲ
912 1814 950 1881 ἐν
962 1815 1005 1903 τή
1017 1809 1102 1881 ἀπο-

143 1912 283 2003 χωρήσει
306 1910 436 2006 ἀτάκτφ
460 1912 517 1982 καλ
540 1917 670 2004 φοβερᾷ
694 1914 873 2003 γενομένη·
909 1910 973 1982 οόκ
997 1909 1104 2000 ὀλίγοι

144 2015 182 2085 δέ
200 2016 257 2083 καὶ
274 2019 391 2098 ζῶντες
411 2012 617 2103 ἐλήφθησαν.
654 2015 784 2102 ἐγένετο
810 2013 848 2084 δὲ
864 2010 885 2102 ή
904 2019 1014 2097 δίωξις
1031 2029 1101 2095 τοῖς
1121 2028 1151 2079 11

144 2115 231 2204 ἀμφὶ
254 2111 472 2202 Ἀλέξανδρον
494 2117 591 2204 μέχρι
609 2115 692 2204 πρὸς
715 2113 756 2183 τά
775 2113 837 2204 ὅρη
854 2120 924 2184 τιόν
946 2124 1099 2186 Ταυλαν-

133 2224 243 2286 ιτίων·
289 2215 361 2286 ὅσοι
384 2215 422 2286 δὲ
445 2217 501 2285 καὶ
525 2214 702 2305 ἀπέφυγον
727 2213 857 2303 αὐτῶν,
883 2218 1006 2304 γυμνοὶ
1034 2223 1103 2286 των

105 2318 258 2388 ωόπλων
288 2317 508 2405 διεστάθησαν.
566 2325 705 2398 Κλεῖτος
730 2315 769 2386 δέ
796 2319 829 2398 ἐς
856 2316 918 2405 τήν
942 2316 1039 2386 πόλιν
1064 2316 1102 2387 τό

145 2425 279 2509 πρῶτον
302 2417 507 2507 καταφυγδν
531 2417 700 2508 ἐμπρήσας
722 2413 785 2504 τήν
807 2417 905 2488 πόλιν
931 2415 1103 2506 ἀπηλλάγη

146 2520 237 2610 παρά
255 2526 426 2592 Γλαυκίαν
445 2522 477 2601 ἐς
500 2526 737 2600 Ταυλαντίους.

218 2619 273 2694 Ἐν
289 2621 396 2715 τοότφ
419 2619 458 2690 δὲ
474 2627 543 2690 τῶν
560 2619 723 2709 φυγάδων
739 2619 827 2701 τινὲς
844 2624 913 2688 των
931 2622 968 2688 ἐκ
982 2624 1104 2707 Θηβῶν
1125 2630 1143 2696 ’ί

146 2721 344 2812 φευγόντων
361 2719 586 2812 παρελθόντες
602 2721 737 2812 νύκτωρ
762 2724 795 2803 ἐς
811 2719 870 2802 τάς
889 2720 1002 2808 Θήβας
1021 2723 1103 2790 ἐπα·

107 2852 134 2894 ω
147 2825 299 2913 γομένων
310 2829 411 2892 τινῶν
424 2821 545 2904 αὐτοδς
560 2823 615 2892 ἐπὶ
627 2825 836 2916 νεωτερισμῷ
855 2825 892 2891 ἐκ
903 2828 963 2910 τῆς
977 2821 1104 2903 πόλεως

144 2925 312 3014 Ἀμόνταν
328 2924 390 3013 μέν
407 2926 462 2994 καλ
481 2923 643 3013 Τιμόλαον
655 2928 724 2993 των
740 2923 801 3012 τήν
814 2929 989 3012 Καδμείαν
1006 2922 1103 3011 ἐχόν-

145 3055 214 3096 των
239 3023 342 3095 οάδέν
365 3023 641 3113 ὑποτοπήσαντας
665 3026 824 3113 πολέμιον
847 3027 909 3108 ἐξω
930 3027 990 3113 τής
1009 3029 1101 3094 Καδ-

145 3134 242 3217 μείας
259 3124 458 3196 ἀπέκτειναν
475 3126 713 3214 ξυλλαβόντες·
739 3129 772 3207 ἐς
790 3125 829 3195 δὲ
844 3125 907 3214 τήν
925 3128 1103 3214 ἐκκλησίαν
1136 3141 1152 3190 ε

145 3227 371 3320 παρελθόντες
395 3230 523 3316 ἐπήραν
545 3225 626 3308 τοδς
646 3234 814 3314 Θηβαίους
832 3225 1018 3316 ἀποστῆναι
1035 3224 1102 3297 ἀπό
1190 3261 1194 3272 ·

107 3358 133 3400 ιο
142 3329 375 3418 Ἀλεξάνδρου,
394 3331 590 3418 ἐλευθερίαν
602 3356 638 3398 τε
651 3327 896 3418 προϊσχόμενοι,
910 3327 1033 3398 παλαιά
1047 3329 1102 3396 καλ

144 3430 231 3501 καλά
248 3427 414 3518 ὀνόματα,
439 3429 496 3499 καλ
518 3435 576 3518 τής
592 3429 778 3518 βαρύτητος
800 3431 868 3498 τοῖν
893 3429 1103 3501 Μακεδόνων

145 3531 211 3623 ήδη
225 3530 305 3601 ποτε
318 3529 558 3620 ἀπαλλαγῆναι.
589 3530 810 3621 πνθανιότεροι
823 3529 861 3600 δέ
876 3532 909 3611 ἐς
921 3529 959 3599 τδ
972 3535 1102 3617 πλῆθος
