2678 3950
481 239 666 292 ενεεεειε
683 241 713 305 ο,
731 241 773 292 εε.
1046 237 1109 304 275

142 411 213 478 τοῖς
224 401 420 486 Γαδρωσοίς
434 397 692 486 ξυντεταγμένοι
711 395 775 484 πρὸ
784 399 852 466 τῶν
866 399 992 465 στενῶν
1006 417 1109 485 στρα-

143 498 348 586 τοπεδεύειν,
376 497 421 578 ῶς
448 498 614 585 είρξοντες
631 503 690 586 τῆς
708 498 861 586 παρόδου
876 496 1107 587 Ἀλέξανδρον.

143 602 201 669 καὶ
226 591 313 687 ἦσαν
339 598 402 687 μέν
428 599 534 688 ταύτη
560 600 768 688 τεταγμένοι·
807 598 853 680 ῶς
872 597 910 668 δέ
928 597 1142 688 προσάγινε

142 700 208 789 ἤδη
243 700 474 789 ἐξηγγέλλετο,
514 705 550 769 οί
579 699 642 788 μέν
668 700 787 769 πολλοὶ
815 706 945 788 ἔφυγον
973 703 1009 769 ἐκ
1040 705 1109 769 τῶν

104 831 117 874 ε
145 807 271 871 στενῶν
298 800 450 882 λιπόντες
475 799 539 888 τὴν
557 802 728 889 φυλακήν·
756 807 793 869 οί
807 799 845 870 δέ
862 799 1024 889 ἡγεμόνες
1040 807 1110 870 τῶν

142 900 301 992 Ὠρειτῶν
327 900 493 991 άφίκοντο
512 899 593 993 παρ’
622 901 730 972 αύτδν
748 909 837 989 σφάς
854 928 891 972 τε
908 901 1035 982 αύτούς
1052 902 1110 971 καλ

142 1002 179 1072 τδ
209 1009 310 1084 ἔθνος
337 1003 534 1084 ἐνδιδόντες.
575 1003 706 1084 τούτοις
735 1002 798 1090 μὲν
829 1002 871 1091 δη
902 1003 1109 1094 προστάττει,

143 1105 413 1192 ξυγκαλέσαντας
429 1105 468 1174 τό
487 1109 618 1192 πλῆθος
635 1109 706 1174 τῶν
720 1101 877 1191 Ὠρειτῶν
895 1106 1036 1192 πέμπειν
1055 1104 1110 1176 έπλ

142 1205 183 1274 τά
218 1208 362 1295 σφέτερα
393 1205 479 1296 ἤδη,
512 1203 558 1286 ῶς
596 1205 708 1275 δεινὸν
739 1203 844 1274 ούδὲν
875 1207 1108 1293 πεισομένους·

106 1339 131 1380 10
147 1307 321 1397 σατράπην
348 1307 386 1377 δέ
412 1308 469 1402 καὶ
495 1307 624 1387 τούτοις
653 1305 821 1376 ἐπιτάσσει
834 1303 1144 1394 Ἀπολλοφάνηνο

144 1409 200 1477 καὶ
228 1407 291 1488 ξύν
316 1406 427 1501 τούτῳ
453 1403 627 1478 άπολείπει
647 1406 843 1479 Λεοννάτον
869 1407 930 1476 τόν
958 1426 1110 1496 σηματο-

143 1508 280 1598 φύλακα
307 1509 485 1598 ένὨροις,
513 1516 660 1596 έχοντα
677 1508 759 1589 τούς
775 1535 812 1578 τε
826 1507 1004 1595 Ἀγριάνας
1022 1507 1107 1596 ξύμ-

145 1636 273 1691 παντας
298 1612 355 1680 καί
381 1639 449 1680 τον
466 1613 612 1692 τοξοτῶν
630 1616 720 1680 ἔστιν
737 1606 795 1690 οδς
815 1610 958 1678 καὶτῶν
978 1611 1109 1678 ἱππέων

143 1711 200 1780 καὶ
232 1707 313 1792 τούς
346 1709 471 1793 ἄλλους
502 1710 620 1794 πεζούς
650 1737 686 1782 τε
717 1713 774 1781 καί
803 1711 924 1790 ἱππέας
944 1709 1111 1799 Ἕλληνας

106 1847 130 1886 ιε
144 1813 400 1902 μισθοφόρους,
432 1813 472 1882 τό
502 1840 539 1882 τε
568 1811 730 1882 ναυτικόν
755 1811 937 1899 δπομένειν
966 1809 1032 1881 ἔστ’
1067 1808 1111 1880 άν

144 1914 351 2002 περιπλεύσῃ
387 1914 449 2003 τὴν
475 1914 590 2004 χῶραν
616 1916 674 1983 καὶ
700 1913 763 2001 τὴν
789 1912 889 1982 πόλιν
916 1917 1111 1996 ξυνοικίζειν

143 2013 269 2084 καὶτὰ
295 2016 379 2084 κατά
407 2015 488 2096 τούς
511 2015 662 2105 Ὠρείτας
688 2029 839 2104 κοσμεῖν,
865 2011 955 2094 ὅπως
980 2014 1111 2102 μᾶλλόν

144 2142 175 2185 τι
201 2117 395 2206 προσέχοιεν
420 2123 470 2209 τῷ
489 2114 645 2206 σατράπῃ
663 2115 723 2186 τδν
742 2121 839 2185 νοῶν.
873 2112 977 2194 αύτὸς
995 2115 1033 2184 δὲ
1046 2113 1111 2196 ξύν

142 2220 212 2306 της
240 2220 439 2307 στρατιάς
464 2223 508 2306 τῇ
525 2221 649 2306 πολλῇ,
675 2219 732 2287 καὶ
750 2216 816 2305 γάρ
834 2218 891 2285 καὶ
907 2215 1111 2303 Ἡφαιστίων

105 2354 130 2393 ιο
144 2318 282 2407 ἀφίκετο
295 2317 388 2406 άγων
407 2317 501 2410 αύτῷ
521 2319 603 2399 τούς
616 2318 900 2406 ύπολειφθέυτας,
922 2316 1112 2406 προύχύρει

145 2417 190 2500 ῶς
219 2420 274 2490 έπὶ
293 2419 496 2510 Γαδρωσούς
524 2426 649 2508 έρημον
673 2419 736 2507 τὴν
762 2419 900 2504 πολλήν.

221 2522 290 2590 Καὶ
324 2523 363 2590 έν
393 2525 437 2609 τῇ
471 2521 582 2612 ἐρήμῳ
608 2519 716 2609 ταύτη
744 2521 833 2606 λέγει
855 2517 1145 2607 Ἀριστόβουλοςι

145 2620 296 2710 σμύρνης
323 2621 430 2690 πολλοὶ
457 2622 582 2709 δένδρα
608 2621 796 2709 πεφυκέναι
821 2628 954 2708 μειξονα
978 2617 999 2706 ἢ
1025 2619 1109 2688 κατά

144 2722 206 2810 τὴν
223 2721 327 2810 ἄλλην
345 2723 517 2812 σμύρναν·
544 2723 601 2792 καὶ
627 2721 708 2803 τούς
737 2728 895 2802 Φοίνικας
921 2720 1002 2801 τούς
1034 2720 1109 2791 κατ’

107 2868 133 2908 25
149 2827 313 2913 ἐμπορίαν
338 2827 380 2913 τῇ
408 2826 547 2914 στρατιᾷ
566 2825 816 2912 ξυνεπομένους
834 2823 1055 2909 ξυλλέγοντας
1071 2830 1110 2892 τό

145 2926 296 3011 δάκρυον
320 2927 381 3011 τῆς
408 2925 560 3015 σμύρνης
586 2922 689 3014 (πολύ
717 2924 783 3016 γάρ
809 2923 912 3012 εἶναι,
939 2919 994 2993 οἷα
1012 2921 1054 3012 δὴ
1074 2926 1110 2993 έκ

144 3026 300 3116 μεγάλων
309 3052 344 3095 τε
353 3029 589 3116 τῶνπρέμηωυ
600 3027 656 3095 καὶ
666 3021 762 3096 ούποι
771 3026 922 3116 πρόσθεν
931 3028 1110 3112 ξυλλελεγ-

142 3126 261 3217 μένον)
278 3127 510 3216 ἐμπλήσαντας
524 3127 565 3196 τά
578 3127 744 3214 ύποζύγια
757 3127 862 3215 άγειν.
891 3132 977 3214 ἔχειν
996 3125 1035 3195 δέ
1047 3127 1109 3214 τὴν
1127 3141 1143 3191 ο

146 3236 269 3320 ἔρημον
303 3229 432 3319 ταύτην
464 3231 521 3299 καλ
556 3230 685 3317 νάρδου
719 3232 814 3318 ῥίζαν
840 3227 968 3314 πολλήν
992 3254 1029 3296 τε
1054 3226 1111 3296 καὶ

106 3371 132 3414 „0
146 3330 307 3418 εὔοδμον·
353 3333 410 3400 καλ
449 3330 577 3420 ταύτην
609 3332 779 3416 ξυλλέγειν
813 3328 894 3408 τούς
932 3337 1108 3408 Φοίνικας·

147 3433 233 3502 πολύ
264 3431 302 3502 δέ
329 3431 415 3502 εἶναι
440 3432 544 3520 αὐτῆς
570 3431 609 3501 τὸ
636 3430 932 3519 καταπατούμενον
949 3430 1034 3518 πρὸς
1051 3431 1110 3517 τῆς

147 3539 322 3626 στρατιάς,
349 3536 407 3604 καὶ
434 3532 498 3604 άπό
525 3538 587 3602 τού
615 3532 828 3621 πατουμένου
856 3527 964 3618 ὀδμὴν
991 3529 1109 3618 ἡδεῖαν

850 3642 903 3694 18’
