2664 3946
468 222 653 276 mmm
670 225 696 284 ε,
716 225 755 275 ιε.
1059 220 1098 286 81

33 370 34 434 λ
138 362 273 452 άμφοίν
302 366 427 449 ἐπιεικῆ
460 365 685 452 ἐνθυμηθείς,
716 368 787 454 ίδίηι
811 361 850 432 δέ
873 369 1138 434 Θεσσαλίσκονί

141 465 206 553 μὲν
229 469 323 534 αίδοῑ
342 467 405 533 του
428 465 550 550 γένους
573 463 707 552 ἀφιέναι
730 462 843 549 εἶπεν,
873 461 1009 534 ὅτιτῶν
1027 467 1100 533 έπι·

143 569 266 654 φανῶν
285 573 444 654 Θηβαίων
460 556 521 653 ήν,
550 564 813 654 Διονυσόδωρον
830 564 869 635 δέ
888 567 944 635 ἐπὶ
960 566 1002 655 τῇ
1020 576 1100 654 νίκη

142 669 214 737 τῶν
233 665 439 754 Ὀλυμπίων.
476 665 667 755 Ἰφικράτην
690 665 729 736 δέ
752 674 849 756 φιλίᾳ
872 692 908 736 τε
924 669 983 754 τής
997 665 1101 756 Ἀθη-

30 805 32 874 η
115 776 253 838 τναίων
289 767 418 848 πόλεως
452 770 509 837 καὶ
538 767 651 856 μνήμη
665 771 724 856 τής
754 768 852 855 δόξης
881 771 944 838 τοῦ
975 767 1102 857 πατρὸς

29 893 31 976 s
142 868 253 952 ζῶντά
274 896 310 938 τε
333 867 413 958 ἄμφ’
440 868 548 938 αότδν
573 874 659 955 ἔχων
684 872 717 950 ἐς
733 868 775 937 τά
804 868 947 957 μάλιστα
969 871 1103 958 ἐτίμησε

143 972 202 1038 καλ
230 969 322 1062 νόσῳ
350 969 609 1058 τελευτήσαντος
637 969 678 1037 τά
707 967 788 1038 όστίι
820 973 854 1048 ἐς
876 970 937 1050 τάς
956 967 1104 1058 Ἀθήνας

28 1093 29 1110 ’
144 1087 217 1152 τοῖς
235 1071 320 1160 πρὸς
337 1074 459 1158 γένους
475 1069 680 1158 ἀπέπεμψεν.
722 1069 905 1140 Εὐθυκλέα
923 1072 973 1159 δέ,
991 1081 1134 1143 Λακε-ο

145 1171 322 1261 δαιμόνιόν
350 1199 387 1241 τε
415 1169 515 1260 ὄντα,
547 1172 675 1252 πόλεως
698 1176 891 1261 περιφανῶς
915 1175 1039 1262 ἐχθρᾶς
1064 1176 1103 1242 ἐν

107 1301 133 1340 ιο
144 1277 193 1364 τῷ
222 1273 316 1362 τότε,
352 1274 411 1342 καλ
441 1272 548 1342 αὐτόν
577 1272 680 1343 οὐδέν
711 1278 782 1364 ίδίηι
805 1271 1045 1360 εὑρισκόμενον
1070 1277 1104 1354 ἐς

145 1376 349 1462 ξυγγνώμην
366 1372 386 1442 ό
402 1401 434 1442 τι
449 1377 507 1444 καί
524 1373 629 1462 λόγου
647 1373 759 1461 ἄξιον,
784 1373 826 1442 τά
849 1373 912 1462 μὲν
930 1377 1046 1463 πρῶτα
1066 1378 1104 1444 ἐν

145 1483 282 1572 φυλακῇ
316 1473 449 1567 ἀδέσμῳ
479 1474 576 1562 εἶχεν.
638 1473 782 1565 ὕστερον
810 1473 847 1545 δλ
873 1475 944 1544 ἐπεὶ
975 1475 1104 1562 μεγάλα

146 1576 293 1663 εότόχει,
310 1577 368 1646 καὶ
385 1579 508 1646 τοῦτον
525 1575 662 1665 άφήιιεν.

221 1677 274 1748 Ἐκ
299 1676 471 1767 Μαράθου
494 1677 532 1747 δὲ
555 1675 716 1767 ὁρμηθεὶς
732 1676 869 1764 Βύβλον
890 1705 926 1748 τε
943 1676 1138 1766 λαμβάνετε

109 1806 134 1846 ιε
148 1779 312 1868 ὁμολογίᾳ
333 1781 544 1866 ἐνδοθεῖσαν,
563 1780 620 1848 καὶ
639 1780 776 1848 Σιδῶνα
793 1775 908 1847 αὐτῶν
927 1783 1105 1848 Σιδωνίων

149 1881 438 1966 ἐπικαλεσαμένων
476 1880 561 1949 κατὰ
599 1879 638 1948 τό
678 1885 778 1966 ἔχθος
791 1879 829 1947 τό
865 1882 1007 1978 Περσῶν
1047 1883 1105 1951 καὶ

139 1988 309 2072 Δαρείου.
359 1983 519 2050 ἐντεῦθεν
542 1980 580 2051 δέ
604 1979 794 2070 προόχοόρει
818 1977 863 2061 ῶς
890 1983 946 2051 ἐπὶ
976 1981 1104 2070 Τόρον·

148 2085 206 2150 καί
237 2081 503 2169 ἐντυγχάνουσιν
531 2081 625 2172 αὐτῷ
649 2082 733 2150 κατά
755 2080 819 2169 τήν
845 2080 929 2151 όδδν
952 2084 1106 2171 πρέσβεις

156 2191 291 2273 Τυρίαν
314 2181 380 2252 άπό
405 2185 466 2252 τοῦ
491 2185 606 2253 κοινοῦ
633 2183 825 2271 ἐσταλμένοι
843 2181 889 2263 ῶς
909 2184 1106 2270 ἐγνωκότων

110 2311 136 2350 εο
156 2292 292 2371 Τυρίαν
320 2284 480 2373 πράσσειν
505 2283 524 2352 ὅ
548 2311 580 2354 τι
602 2279 646 2353 άν
669 2285 858 2373 ἐπαγγέλλῃ
878 2283 1104 2373 Ἀλέξανδρος.

149 2386 168 2455 ὁ
187 2386 226 2455 δὲ
241 2384 303 2473 τήν
320 2411 356 2454 τε
373 2385 471 2455 πόλιν
490 2386 665 2465 ἐπαινέσας
682 2387 739 2454 καί
755 2384 837 2464 τοάς
855 2386 1007 2473 πρέσβεις
1032 2385 1104 2474 (καὶ
1121 2401 1136 2450 ’ί

150 2489 214 2574 γὰρ
238 2477 324 2572 ἦσαν
347 2489 417 2555 τῶν
443 2490 617 2573 ἐπιφανῶν
642 2489 679 2555 ἐν
703 2485 805 2578 Ῥόρῳ
829 2491 864 2555 οἵ
883 2511 919 2556 τε
936 2483 1031 2554 ἄλλοι
1047 2489 1105 2556 καὶ

149 2587 168 2656 ό
186 2589 247 2656 τοῦ
266 2589 427 2677 βασιλέως
443 2591 513 2658 τῶν
533 2594 667 2676 Τυρίων
682 2602 771 2667 παίς.
795 2585 898 2667 αὐτὸς
916 2586 955 2657 δέ
972 2584 990 2655 ό
1008 2594 1105 2676 βασι-

151 2688 231 2768 λεάς
244 2687 427 2776 Ἀζέμιλκος
440 2689 505 2777 μετ’
517 2687 791 2778 Αὐτοφραδάτου
808 2685 912 2777 ἔπλει)
931 2689 1106 2759 ἐκέλευσεν

111 2816 138 2857 εε
153 2791 400 2892 ἐπανελθόντας
425 2790 551 2880 φράσαι
573 2797 708 2880 Τυρίοις
732 2787 782 2858 ὅτι
800 2791 907 2860 ἐθέλει
925 2791 1107 2879 παρελθών

152 2894 185 2972 ἐς
202 2891 264 2978 τήν
282 2891 380 2962 πόλιν
397 2897 504 2962 θῦσαι
519 2893 567 2982 τῷ
583 2891 747 2978 Ἡρακλεῖ.

213 2990 308 3063 Ἔστι
329 2993 396 3082 γάρ
427 2996 464 3062 ἐν
494 2992 593 3084 Ῥόρῳ
621 2993 712 3080 ίερδν
731 2989 935 3080 Ἡρακλέους
963 2991 1159 3067 παλαιά-16

149 3118 251 3162 τατον
282 3083 330 3162 ῶν
359 3093 471 3183 μνήμη
501 3093 701 3190 ἀνθρωπίνη
735 3092 941 3180 διασώζεται,
972 3091 1012 3162 οά
1043 3095 1105 3162 τοῦ

146 3191 301 3281 Ἀργείου
327 3194 531 3284 Ἡρακλέους
557 3195 619 3264 τοῦ
647 3199 705 3280 τῆς
726 3191 926 3282 Ἀλκμήνης·
966 3201 1107 3273 πολλαῖς

114 3319 139 3360 ιο
151 3295 217 3384 γάρ
239 3311 371 3381 γενεαῖς
395 3296 557 3385 πρότερον
573 3299 705 3382 τιμᾶται
723 3297 761 3364 ἐν
784 3294 884 3386 Τύρῳ
899 3294 1063 3382 Ἡρακλῆς
1085 3291 1107 3382 ή

151 3394 292 3484 Κάδμον
323 3399 359 3466 ἐκ
384 3405 543 3484 Φοινίκης
573 3393 765 3484 ὁρμηθέντα
789 3395 902 3484 Θήβας
928 3410 1107 3482 κατασχεῖν

150 3498 208 3568 καὶ
225 3497 287 3584 τήν
304 3502 409 3566 παῖδα
428 3497 556 3589 Κάδμῳ
573 3495 636 3582 τήν
650 3497 803 3584 Σεμέλην
820 3497 996 3583 γενέσθαι,
1017 3496 1049 3576 ἐξ
1067 3486 1108 3581 ἧς

200 3615 330 3656 umus.
944 3610 960 3658 6
