2650 3948
218 245 261 310 42
570 241 820 302 ειεωιαιεοτ

219 391 378 477 ξανδρος·
396 385 453 454 καὶ
471 382 616 475 ἐκδρομὴ
634 375 735 466 αὖθις
751 390 880 471 γίνεται
896 388 965 453 τόν
983 385 1019 452 ἐκ
1035 385 1094 471 τῆς
1111 379 1176 452 πό-

221 498 302 569 λεως
326 486 381 557 ἐπὶ
403 492 450 580 τῷ
472 489 636 575 ἐμπρῆσαι
658 483 718 568 τάς
735 485 895 574 μηχανάς.
925 484 981 553 καὶ
998 485 1097 573 μέρος
1114 484 1177 573 μέν

219 616 249 658 τι
273 593 342 658 τόν
365 594 508 675 πλησίον
531 593 591 656 τοῦ
613 593 744 675 τείχους
767 591 898 676 γέρρων
923 587 980 654 καὶ
1007 584 1082 666 ἑνός
1108 591 1177 655 τάν

219 689 360 776 πύργων
376 693 445 759 τῶν
462 692 608 772 ξυλίνων
626 687 829 776 κατεκαύθη,
846 686 888 756 τά
901 687 938 756 δὲ
956 686 1041 756 άλλα
1055 685 1175 774 διεφό·

222 793 324 873 λαξαν
355 795 391 860 οί
420 792 496 880 περὶ
525 788 679 860 Φιλώταν
701 816 737 858 τε
765 789 821 857 καί
843 782 1055 877 Ἑλλάνικον,
1082 781 1133 869 οἷς
1155 785 1177 876 ἡ
1204 818 1216 858 ε

219 891 353 982 φυλακὴ
379 890 493 962 αὐτῶν
512 892 745 980 ἐπετέτραπτο·
772 888 818 971 ὥς
835 889 874 958 δὲ
891 889 947 958 καί
961 887 1177 979 Ἀλέξανδρος

221 993 371 1082 ἐπεφάνη
390 995 426 1062 έν
442 999 484 1084 τῇ
503 993 668 1083 ἐκδρομῇ,
691 989 750 1072 τάς
767 1019 803 1061 τε
825 995 932 1082 δᾷδας
950 990 1030 1071 όσας
1048 996 1177 1079 ἔχοντες

223 1095 509 1184 ἐκβεβοηθήκεσαν
526 1091 667 1182 ἀφέντες
687 1093 745 1161 καὶ
761 1090 802 1161 τά
821 1089 908 1162 όπλα
926 1097 962 1161 οί
976 1093 1093 1162 πολλοὶ
1111 1089 1177 1162 αό-

186 1202 287 1266 οτόν
306 1199 463 1284 ῥίψαντες
488 1205 566 1264 είσω
585 1200 647 1264 τοῦ
672 1201 802 1282 τείχους
825 1200 979 1282 ἔφευγον.
1014 1200 1120 1263 καίτοι
1135 1192 1178 1262 τά

220 1325 259 1384 γε
272 1302 388 1384 πρῶτα
400 1301 442 1386 τῇ
460 1294 561 1383 φάσει
572 1321 609 1364 τε
620 1300 682 1364 τοῦ
696 1301 835 1384 χωρίου,
853 1291 1054 1381 ὑπερδεξίου
1068 1293 1177 1384 ὄντος,
1191 1325 1216 1366 ιο

221 1398 425 1487 ἐπεκράτουν
450 1397 507 1466 καὶ
532 1389 574 1465 οό
592 1394 676 1465 κατά
699 1397 853 1484 μέτωπον
875 1396 981 1485 μόνον
997 1393 1177 1485 ἠκροβολί-

219 1507 312 1584 ζοντο
340 1501 373 1581 ἐς
396 1496 476 1578 τοδς
502 1499 777 1586 προμαχομένους
801 1503 870 1567 τῶν
887 1501 1064 1587 μηχανῶν,
1090 1495 1177 1567 άλλά

220 1602 277 1670 καὶ
295 1603 418 1669 ἐκτῶν
435 1597 594 1687 πύργων,
621 1605 658 1668 οἳ
678 1597 719 1686 δὴ
739 1598 945 1687 ἑκατέρωθεν
961 1601 1022 1670 τοῦ
1041 1601 1173 1689 ἐρηριμ-

220 1703 324 1791 μένου
348 1707 479 1789 τείχους
503 1697 600 1769 αὐτοὶ
623 1697 898 1787 ὑπολελειμμένοι
920 1703 957 1770 ἐκ
973 1707 1119 1787 πλαγίου
1142 1727 1179 1770 τε

220 1803 277 1872 καὶ
299 1798 405 1890 μόνον
427 1799 468 1870 οό
493 1799 577 1870 κατά
602 1801 710 1870 νότον
728 1815 889 1889 παρεῖχον
906 1799 1215 1891 άκροβολιῗεσθαιω

224 1906 257 1984 ἐς
273 1899 355 1984 τοάς
371 1906 418 1994 τῷ
437 1899 743 1996 άντφκοδομημένω
760 1908 859 1990 τείχει
876 1903 1113 1992 προσάγοντας.

170 2015 214 2082 22
301 2001 353 2075 Οά
367 2012 506 2083 πολλαῖς
524 2003 562 2072 δέ
578 2003 720 2090 ὕστερον
732 2001 869 2092 ἡμέραις
884 2003 1064 2091 ἐπάγοντος
1078 1997 1178 2086 αὖθις

218 2105 439 2195 Ἀλεξάνδρου
448 2104 506 2185 τάς
518 2102 666 2193 μηχανάς
679 2111 726 2197 τῷ
740 2111 908 2199 πλινθίνῳ
917 2111 964 2198 τῷ
978 2105 1071 2187 ἐντδς
1080 2114 1178 2195 τείχει

221 2208 279 2277 καί
303 2204 411 2276 αὐτοῦ
430 2205 647 2295 ἐφεστηκότος
673 2212 720 2296 τῷ
745 2212 844 2299 ἔργω,
869 2205 1012 2296 ἐκδρομὴ
1030 2214 1179 2295 γίγνεται

222 2308 388 2397 πανδημεὶ
402 2310 438 2376 έκ
450 2311 508 2394 τῆς
521 2305 647 2386 πόλεως
659 2310 729 2376 τῶν
741 2306 896 2394 μένκατά
907 2306 944 2377 τδ
960 2311 1178 2398 ἐρηριμμένον
1190 2337 1216 2379 το

221 2425 341 2499 τεῖχος,
354 2402 378 2498 ᾖ
391 2404 493 2489 αάτδς
505 2405 722 2496 Ἀλέξανδρος
737 2409 940 2497 ἐπετέτακτο,
957 2415 1026 2478 τοῖν
1043 2409 1082 2479 δὲ
1094 2409 1177 2479 κατά

222 2511 259 2580 τδ
288 2517 477 2598 Τρίπυλον,
500 2502 526 2600 ᾖ
549 2507 631 2578 οὐδὲ
654 2507 745 2579 πάνυ
768 2538 798 2578 τι
815 2511 1091 2600 προσδεχομένοις
1107 2525 1178 2592 τοῖς

190 2628 207 2678 ε
226 2611 419 2683 Μακεδόσιν
435 2603 487 2699 ἦν.
523 2611 581 2680 καὶ
597 2613 633 2678 οί
654 2610 717 2698 μέν
739 2610 846 2701 δᾷδάς
863 2639 899 2681 τε
920 2627 993 2692 ταῖς
1015 2627 1178 2700 μηχαναῖς

224 2712 404 2800 ἐνέβαλλον
420 2712 478 2781 καὶ
494 2711 556 2781 ὅσα
574 2709 659 2780 άλλα
684 2713 717 2793 ἐς
738 2710 775 2781 τδ
801 2711 919 2794 ἐξάψαι
935 2739 971 2782 τε
994 2713 1105 2802 φλόγα
1121 2715 1178 2782 καί

224 2814 279 2883 ἐπὶ
295 2814 381 2903 μέγα
397 2813 682 2900 προκαλέσασθαι·
708 2815 777 2882 τοῖν
795 2813 833 2883 δὲ
849 2810 933 2904 ἄμφ’
958 2813 1178 2905 Ἀλέξανδρον
1190 2842 1216 2884 τε

223 2909 338 2984 αὐτῶν
360 2942 396 2984 τε
420 2913 652 3003 ἐμβαλλόντων
679 2917 713 2997 ἐς
739 2906 866 2996 αάτοός
897 2918 1092 3004 ἐρρωμένως
1122 2918 1178 2987 καλ

223 3030 296 3096 ταῖς
319 3030 481 3104 μηχαναῖς
505 3014 571 3085 άπδ
588 3023 657 3086 τῶν
680 3016 822 3106 πύργων
845 3024 954 3086 λίθων
971 3044 1007 3086 τε
1023 3017 1178 3107 μεγάλων

225 3115 414 3205 ἀφιεμένων
436 3116 493 3184 καί
515 3122 624 3204 βελῶν
651 3119 945 3206 ἐξακοντιζομένων
968 3115 1009 3190 οά
1026 3126 1178 3210 χαλεπαῖς
1301 3171 1303 3200 ,

189 3234 207 3284 3
224 3214 485 3307 ἀπεστράφησάν
501 3244 537 3286 τε
554 3218 608 3286 καὶ
627 3224 757 3307 ἔφυγον
775 3221 808 3300 ές
825 3219 887 3308 τὴν
904 3220 1011 3290 πόλιν.
1041 3221 1097 3289 καὶ
1113 3220 1178 3310 φό·

223 3347 281 3400 νος
298 3317 403 3408 ταότη
422 3315 483 3387 οὐκ
507 3316 620 3406 ὀλίγος
639 3321 786 3408 ἐγένετο,
814 3315 885 3413 όσφ
901 3322 1052 3402 πλείονές
1069 3349 1106 3391 τε
1122 3323 1178 3390 καί
1191 3349 1216 3391 ω

223 3420 287 3503 ξόν
304 3426 428 3510 μείζονι
439 3422 480 3511 τῇ
498 3420 602 3510 τόλμη
617 3421 806 3508 ἐξέδραμον.
838 3425 874 3490 οί
883 3420 946 3510 μὲν
962 3421 1028 3510 γάρ
1042 3428 1090 3502 είς
1106 3438 1178 3511 χεί-

223 3550 283 3611 ρας
302 3520 458 3603 ἐλθόντες
476 3535 546 3602 τοϊς
564 3520 760 3592 Μακεδόσιν
778 3517 964 3612 ἀπίθανον,
988 3527 1023 3592 οί
1038 3523 1076 3592 δὲ
1093 3522 1179 3614 άμφί
