2650 3948
477 225 660 276 ΑΝΔΒΑΣΙΣ
679 228 703 290 1,
721 228 746 278 δ.
1067 226 1088 290 9

129 363 213 453 εἶχε·
232 364 288 434 καί
306 365 418 454 ἐπειδὴ
437 372 564 455 ἔμαθεν
576 364 663 455 ὑπὲρ
681 369 750 435 των
762 363 984 455 Αὐταριατῶν
998 393 1087 438 πον
1105 386 1122 436 ε

127 465 321 555 θανόμενον
342 462 565 556 Ἀλέξανδρον
587 467 708 548 οἵτινές
731 495 767 538 τε
790 469 848 536 καὶ
871 466 990 541 ὁπόσοι
1008 467 1087 557 εἶεν,

129 565 195 638 ούκ
209 575 272 656 ἔφη
289 575 409 658 χρῆναι
428 571 465 638 έν
483 568 571 662 λόγῳ
588 575 746 638 τίθεσθαι
760 568 985 661 Αύταριάτας·
1005 569 1090 642 εἶναι

128 669 194 760 γάρ
213 665 491 758 ἀπολεμωτάτους
508 675 576 740 τῶν
592 669 714 760 ταύτη·
737 672 794 740 καὶ
812 667 914 752 αύτὸς
933 674 1089 762 ἐμβαλεῖν

102 773 166 852 ιές
183 769 246 859 την
262 771 376 861 χάραν
399 769 531 859 αὐτῶν,
558 769 603 852 άς
621 769 708 861 άμφί
730 771 771 841 τά
795 774 938 862 σφέτερα
961 774 1089 863 μᾶλλόν

127 901 157 942 τι
190 878 305 962 ἐχοιεν.
345 873 402 942 καὶ
431 872 652 954 κελεύσαντος
679 871 900 964 Ἀλεξάνδρου
937 876 1090 965 ἐμβάλλει

131 977 165 1055 ἐς
183 972 324 1054 αύτούς·
353 975 409 1044 καὶ
428 973 582 1063 ἐμβαλόν
604 966 666 1062 ἦγε
690 976 747 1044 καὶ
772 981 869 1064 ἔφερε
891 973 953 1063 τὴν
976 977 1090 1066 χάραν

128 1103 254 1146 αυτων.

207 1175 410 1266 Αὐταριάται
427 1177 490 1265 μὲν
507 1175 549 1265 δὴ
569 1174 655 1266 άμφλ
673 1175 713 1246 τά
732 1170 846 1248 αύτῶν
863 1177 969 1268 εἶχον·
994 1179 1124 1265 Λάγ-4
1206 1183 1207 1186 ’
1231 1181 1232 1184 ’

84 1305 118 1348 ιο
129 1305 232 1366 γαρος
251 1279 289 1348 δὲ
306 1279 347 1347 τά
365 1305 401 1347 τε
419 1277 505 1348 άλλα
520 1277 659 1368 ἐτιμήθη
671 1276 822 1367 μεγάλως
837 1279 920 1371 πρός
934 1278 1090 1363 Ἀλεξάν-

131 1385 216 1466 δρου
241 1381 297 1448 καὶ
323 1385 416 1470 δάρα
445 1386 565 1467 ἐλαβεν
591 1379 655 1448 ὅσα
681 1381 819 1468 μέγιστα
844 1380 934 1467 παρά
960 1389 1094 1469 βασιλεῖ

130 1487 178 1573 τῷ
211 1480 422 1551 Μακεδόνων
452 1488 630 1570 νομίζεται·
665 1482 723 1550 καὶ
752 1481 815 1569 την
846 1479 998 1572 ἀδελφὴν
1028 1481 1091 1570 τὴν

127 1579 347 1669 Ἀλεξάνδρου
373 1581 494 1652 Κύναν
520 1583 577 1651 καὶ
598 1581 724 1670 ταύτην
750 1579 940 1672 άμολόγησε
967 1583 1091 1654 δύσειν

131 1680 222 1774 αύτῷ
240 1685 375 1754 Πέλλαν
393 1681 582 1776 ἀφικομένῳ
597 1681 822 1773 Ἀλέξανδρος.

92 1814 118 1856 ιε
204 1780 304 1854 Ἀλλά
327 1782 504 1872 Λάγγαρος
534 1784 596 1872 μὲν
628 1784 825 1854 ἐπανελθών
856 1791 970 1856 οἴκαδε
999 1785 1124 1879 νόσφι

132 1885 353 1974 ἐτελεύτησεν.
399 1881 613 1975 Ἀλέξανδρος
648 1885 686 1955 δέ
720 1884 811 1976 παρά
845 1885 906 1956 τόν
938 1885 1090 1978 Ἐριγόνα

131 1985 282 2076 ποταμόν
307 1986 534 2078 πορευόμενος
566 1989 598 2068 ές
624 1985 754 2074 Πήλιον
783 1986 881 2056 πόλιν
912 1991 1090 2082 ἐστέλλετο.

131 2087 257 2176 ταύτην
274 2088 339 2178 γάρ
357 2087 547 2176 κατειλήφει
560 2085 577 2158 ὁ
592 2097 731 2168 Κλεῖτος
747 2085 790 2170 εδς
804 2087 1017 2180 ὀχυρωτάτην
1032 2095 1090 2178 τῆς

131 2189 256 2280 χώρας·
274 2191 330 2259 καὶ
343 2188 427 2280 πρός
444 2188 568 2277 ταύτην
584 2183 630 2270 άς
646 2183 728 2277 ἧκεν
742 2184 969 2280 Ἀλεξανδρος,
987 2218 1090 2260 κατα-

94 2321 119 2361 ιο
133 2291 419 2381 στρατοπεδεύσας
456 2289 541 2380 πρός
577 2297 624 2384 τῷ
656 2288 839 2385 Ἐορδαϊκῷ
874 2298 1011 2385 ποταμῷ
1047 2294 1091 2382 κη’

131 2391 291 2484 ὑστεραία
305 2392 442 2480 ἐγνάκει
455 2391 679 2481 προσβάλλειν
696 2399 743 2484 τῷ
759 2400 869 2482 τείχει.
901 2398 936 2462 οί
951 2393 989 2462 δδ
1002 2391 1088 2481 άμφὶ
1108 2409 1126 2458 ο

131 2493 197 2564 τόν
214 2503 356 2564 Κλεῖτον
377 2493 418 2564 τά
445 2493 559 2586 κύκλῳ
581 2499 640 2581 τῆς
663 2493 790 2573 πόλεως
814 2492 888 2582 ὅρη,
911 2491 1090 2584 ὑπερδέξιά

131 2622 168 2665 τε
180 2593 325 2666 όντακαὶ
339 2597 453 2682 δασέα,
467 2609 632 2683 κατεῖχον,
647 2591 690 2675 ὦς
699 2593 869 2664 πάντοθεν
883 2597 1091 2665 ἐπιτίθεσθαι

133 2711 203 2778 τοῖς
217 2697 424 2784 Μακεδόσιν,
439 2702 470 2766 εί
481 2701 522 2786 τῇ
537 2695 632 2765 πόλει
646 2694 900 2785 προσβάλλοιεν·
921 2705 1090 2777 Γλαυκίας

93 2825 119 2867 ει
133 2798 171 2868 δδ
194 2795 285 2891 αύτῷ
309 2797 413 2868 ὁτῶν
435 2805 653 2868 Ταυλαντίων
675 2795 832 2884 βασιλεύς
855 2796 951 2866 ούπω
968 2803 1090 2886 παρῆν.

129 2896 345 2990 Ἀλέξανδρος
362 2899 424 2988 μὲν
441 2897 483 2987 δὴ
501 2904 543 2989 τῇ
561 2897 655 2968 πόλει
671 2902 855 2986 προσῆγεν·
883 2903 919 2968 οί
934 2898 972 2968 δὲ
989 2900 1090 2968 πολέ-
1108 2915 1124 2964 7

132 3027 201 3090 μιοι
218 3000 480 3090 σφαγιασάμενοι
498 3005 620 3080 παῖδας
637 3014 726 3088 τρεῖς
746 3000 803 3068 καὶ
819 2999 922 3090 κόρας
941 3011 1014 3080 ἴσας
1031 3000 1092 3069 τόν

134 3097 281 3191 άριθμδν
304 3103 360 3171 καὶ
377 3099 492 3191 κριούς
509 3103 654 3190 μέλανας
670 3114 776 3191 τρεῖς,
796 3099 948 3189 εόρμηντο
965 3101 1028 3189 μέν
1047 3095 1091 3182 οἷς

134 3204 304 3292 δεξόμενοι
322 3206 355 3284 ές
372 3218 484 3293 χεῖρας
496 3201 577 3282 τούς
595 3200 815 3282 Μακεδόνας·
835 3200 919 3290 ὁμού
937 3201 975 3271 δέ
992 3229 1090 3288 γενο-

95 3331 120 3374 εο
134 3307 245 3395 μένων
264 3305 413 3388 ἐξέλιπον
426 3310 532 3374 καίτοι
547 3301 689 3394 καρτερά
706 3302 786 3372 όντα
799 3302 839 3372 τά
852 3305 1091 3391 κατειλημμένα

134 3405 219 3496 πρός
237 3412 334 3495 σφῶν
351 3413 471 3494 χωρία,
490 3404 575 3475 ὥστε
592 3405 648 3474 καὶ
664 3402 703 3472 τά
722 3403 848 3492 σφάγια
863 3401 975 3474 αύτύν
992 3430 1090 3472 κατε-

134 3508 249 3596 λήφθη
267 3514 314 3577 ἔτι
330 3514 476 3596 κείμενα.
1008 3508 1010 3512 ’
