2678 3950
252 227 316 292 276
613 225 865 286 εεεεεαεεου

218 386 406 472 σκατέχειν
439 385 496 454 ἐπὶ
528 384 616 454 πολδ
642 389 702 471 τῆς
733 383 860 472 χώρας·
899 382 1040 454 τοσόνδε
1065 380 1154 452 εἶναι
1179 381 1224 452 τό

253 490 397 574 πλῆθος·
425 485 512 555 εἶναι
536 485 574 554 δέ
599 485 656 554 καί
673 484 759 554 ἄλλα
776 487 902 575 δένδρα
920 487 957 554 έν
974 490 1017 574 τῇ
1037 486 1163 576 ἐρήμῳ,
1181 483 1224 552 τὸ

252 590 316 675 μέν
341 615 373 656 τι
399 588 514 678 δάφνῃ
541 587 648 666 έοικδς
668 586 707 656 τό
728 587 873 674 φόλλον,
900 586 1075 654 καὶτοῦτο
1095 589 1132 654 ἐν
1145 600 1223 664 τοῖς

253 690 552 779 προσκλυζομένοις
565 693 608 776 τῇ
621 688 777 776 θαλάσσῃ
791 695 925 775 χωρίοις
939 689 1139 776 πεφυκέναι·
1159 687 1221 755 καὶ

252 789 495 859 ἀπολείπεσθαι
515 788 578 876 μὲν
595 789 637 857 τά
651 791 778 879 δένδρα
790 788 876 878 πρὸς
886 793 947 875 τῆς
964 786 1146 876 ἀμπώτεως
1162 788 1249 856 έπὶε

252 893 371 980 ξηροῦ,
397 890 598 970 ἐπελθόντος
624 889 663 960 δὲ
687 896 750 960 τοῦ
775 887 900 969 ῦδατος
927 891 964 958 ἐν
989 894 1031 978 τῃ
1057 889 1221 977 θαλάσσῃ

252 991 427 1078 πεφυκότα
452 997 650 1078 φαίνεσθαι·
683 994 755 1060 τῶν
780 991 818 1061 δὲ
843 991 900 1060 καὶ
919 987 974 1060 ἀεὶ
992 991 1051 1072 τὰς
1070 993 1221 1078 ῥίζαςτῇ

251 1093 409 1182 θαλάσσῃ
438 1092 683 1181 ἐπικλύζεσθαι,
708 1090 771 1162 ὅσα
792 1095 829 1160 ἐν
847 1099 971 1172 κοίλοις
989 1099 1123 1180 χωρίοις
1139 1095 1222 1161 ε’πε·

250 1195 365 1282 φάκει,
391 1201 557 1282 ἔνθενπερ
580 1193 643 1281 οὐχ
662 1192 841 1262 ὑπενόστει
859 1193 898 1262 τό
917 1192 1025 1281 ὕδωρ,
1044 1193 1101 1261 καὶ
1124 1190 1219 1281 ὅμως

250 1293 292 1364 οῦ
320 1301 580 1383 διαφθείρεσθαι
603 1295 643 1363 τό
669 1296 813 1384 δένδρον
838 1294 922 1384 πρὸς
945 1297 1006 1381 τῆς
1030 1293 1219 1378 θαλάσσης.
1234 1322 1256 1360 ιι

217 1394 338 1465 Ίεῖναι
371 1396 410 1466 δὲ
441 1397 483 1464 τὰ
511 1398 637 1486 δένδρα
660 1396 768 1486 ταότῃ
796 1396 928 1484 πήχεων
953 1398 1011 1464 καὶ
1037 1395 1220 1484 τριάκοντα

250 1502 340 1567 ἐστιν
366 1495 389 1566 ἃ
415 1499 544 1584 αὐτῶν,
570 1511 685 1586 τυχεῖν
697 1524 734 1566 τε
751 1495 928 1566 ἀνθοῦντα
942 1497 1054 1585 ἐκείνῃ
1067 1502 1111 1585 τῇ
1131 1495 1219 1586 ὥρᾳ,

249 1598 306 1667 καὶ
327 1597 365 1667 τό
379 1597 486 1678 ἄνθος
507 1597 594 1666 εἶναι
610 1604 659 1690 τῷ
673 1600 783 1690 λευκῷ
803 1599 946 1686 μάλιστα
959 1607 1000 1688 ίφ
1014 1598 1219 1685 προσφερές,

248 1697 313 1787 τὴν
339 1697 447 1786 ὀδμὴν
473 1697 513 1768 δὲ
538 1698 628 1768 πολά
652 1726 686 1768 τι
703 1697 910 1787 ὑπερφέρον.
936 1700 994 1767 καὶ
1014 1697 1117 1768 ἄλλον
1130 1697 1221 1768 εἶναι

249 1799 380 1869 καυλόν
395 1803 431 1867 ἐκ
445 1804 507 1886 γῆς
521 1800 697 1888 πεφυκότα
710 1799 873 1888 άκάνθης.
890 1801 947 1868 καί
961 1799 1072 1892 τοότφ
1088 1803 1220 1871 ἐπεῖναι
1233 1829 1254 1868 ιε

252 1899 398 1989 ἰσχυράν
423 1903 487 1986 τὴν
513 1899 682 1990 ἄκανθαν,
709 1901 794 1971 ὥστε
817 1900 883 1990 ἤδη
902 1904 1007 1970 τινῶν
1019 1902 1076 1970 καὶ
1089 1927 1219 1988 παριπ-

249 2000 426 2070 πευόντων
450 2003 674 2089 ἐμπλακεῖσαν
699 2009 743 2091 τῇ
771 2005 886 2088 ἐσθῆτι
910 2002 1123 2072 κατασπάσαι
1151 2001 1219 2072 άπὸ

248 2107 312 2170 τοῦ
331 2106 436 2172 ἵππου
454 2102 586 2190 μᾶλλόν
603 2130 635 2172 τι
650 2102 712 2172 τόν
732 2105 833 2172 ίππέα
846 2099 867 2191 ἢ
881 2103 989 2191 αὐτὴν
1002 2101 1218 2191 άποσχισθῆ-
1299 2115 1300 2189 η

216 2216 307 2272 svm
332 2200 399 2272 άπὸ
425 2206 487 2273 τοῦ
514 2209 655 2274 καυλοῦ.
695 2204 844 2274 καὶτῶν
870 2208 984 2292 λαγῶν
1010 2203 1186 2292 λέγεται”
1167 2231 1221 2273 οτι

249 2304 493 2394 παραθεόντων
511 2315 641 2392 εἴχοντο
660 2308 698 2374 έν
714 2321 788 2384 ταῖς
805 2307 917 2395 θριξὶν
934 2334 969 2374 αι
961 2303 1141 2394 ἄκανθαι,
1159 2307 1219 2374 καὶ
1233 2339 1256 2378 ω
1298 2337 1299 2388 ι

249 2403 299 2476 ότι
325 2403 433 2486 οὕτως
460 2405 639 2494 ἡλίσκοντο
666 2412 703 2476 οί
725 2411 831 2494 λαγω,
857 2407 1009 2496 καθάπερ
1035 2407 1105 2477 ὑπὸ
1141 2409 1217 2488 ἰξοῦ

248 2513 288 2576 αί
316 2506 449 2593 ὄρνιθες
481 2503 503 2595 ἢ
537 2524 609 2589 τοῖς
635 2505 825 2596 ἀγκίστροις
852 2513 888 2577 οί
913 2510 1047 2597 ίχθάες
1088 2509 1219 2600 σιδήρῳ

248 2607 338 2678 δε“
318 2635 369 2678 οτι
400 2614 600 2697 διακοπηναι
632 2607 674 2679 οῦ
705 2609 832 2697 χαλεπὴ
864 2600 922 2697 ἦν·
961 2611 1019 2678 καὶ
1050 2607 1183 2679 όπδν”
1163 2637 1221 2678 οτι
1297 2613 1298 2661 ί

249 2708 336 2777 ιἰνίει
355 2711 466 2778 πολῦν
491 2709 510 2778 ό
537 2711 663 2791 καυλός
680 2716 739 2798 τῆς
756 2710 908 2799 ἀκάνθης
924 2712 1139 2801 τεμνομένης,
1168 2717 1220 2780 ἔτι

249 2816 389 2878 πλείονα
414 2807 436 2898 ἢ
461 2817 501 2880 αί
520 2827 623 2880 συκαῖ
646 2817 708 2881 τοῦ
734 2805 815 2900 ἦρος
840 2813 898 2880 καὶ
924 2813 1132 2901 δριμύτερον.
1235 2843 1259 2883 τε
1296 2855 1297 2899 η

201 2921 243 2986 23
325 2908 450 2981 Ἔνθεν
477 2911 515 2981 δὲ
540 2912 596 2980 διὰ
621 2917 682 2998 τῆς
707 2915 898 3002 Γαδρωσῶν
922 2941 1032 3004 χωρας
1057 2912 1110 3003 ᾔει
1133 2914 1223 2987 ὁδδν

249 3010 400 3100 χαλεπὴν
426 3013 483 3080 καὶ
502 3010 631 3100 άπορου
643 3018 713 3081 τῶν
732 3016 939 3102 ἐπιτηδείων,
964 3018 1086 3085 τόντε
1104 3015 1223 3088 ἄλλων
1295 3077 1296 3084 ,

248 3113 307 3184 καὶ
320 3111 417 3204 ὕδωρ
431 3116 601 3200 πολλαχοῦ
616 3116 658 3202 τῇ
674 3119 810 3206 στρατιᾷ
824 3115 886 3183 οόκ
899 3108 960 3204 ἦν·
979 3115 1065 3184 ἄλλα
1077 3117 1221 3209 υόκτωρ
1295 3093 1296 3135 ¹

247 3210 473 3304 ἠναγκάζοντο
488 3216 550 3305 την
567 3215 695 3303 πολλὴν
715 3215 924 3306 πορεύεσθαι
942 3218 999 3285 καὶ
1013 3224 1223 3308 προσωτέρω

247 3315 313 3386 άπό
339 3317 524 3404 θαλάσσης,
551 3318 623 3386 ἐπεὶ
649 3312 744 3409 αὐτῷ
761 3344 801 3402 γε
819 3319 855 3386 ἐν
871 3310 1066 3408 σπουδῃῆν
1091 3323 1220 3390 έπελ-
1239 3348 1262 3388 ιο
1294 3279 1295 3371 δ

247 3427 343 3486 θεῖν
360 3415 400 3485 τά
419 3416 509 3504 παρά
526 3417 590 3504 την
605 3418 785 3486 θάλασσαν
801 3422 860 3505 τῆς
877 3417 988 3509 χωρας
1005 3420 1061 3487 καὶ
1079 3422 1224 3508 λιμένας
1293 3489 1294 3540 1

246 3543 282 3586 τε
309 3523 395 3586 ίδεῑν
420 3517 501 3597 τοῦς
520 3513 620 3596 ὄντας
638 3521 693 3587 καὶ
712 3517 776 3588 ὅσα
794 3545 841 3606 με
859 3522 897 3588 έν
919 3521 1058 3612 παρόδῳ
1082 3524 1222 3594 δυνατοὶ
1293 3549 1294 3607 ι
