2678 3950
467 233 651 284 Ανεοεειν
668 235 697 296 ε,
715 239 739 284 ο.
760 236 800 285 10.
1047 230 1110 296 257

149 418 186 460 τε
218 388 286 460 ἀπό
317 396 387 460 τῶν
419 397 561 478 πλησίον
597 389 739 478 πύργων
765 387 935 476 ἐβάλλετο,
969 387 1010 458 ού
1043 388 1108 476 γάρ

150 490 293 561 πελάσαι
318 519 356 578 γε
382 489 506 579 ἐτόλμα
530 519 579 572 τις
605 491 700 582 αύτῷ
725 497 793 559 τῶν
807 489 937 578 Ἰνδῶν,
965 491 1021 558 καλ
1039 488 1108 559 ὑπό

151 597 220 661 τῶν
247 591 284 662 ἐκ
308 597 368 679 τῆς
393 592 534 679 πόλεως,
561 591 644 663 ούδέ
669 591 784 680 πόρρω
806 590 938 660 τούτων
963 617 1003 677 γε
1029 590 1109 660 ἐσα-

151 689 381 782 κουτιζόντοιν,
395 699 493 781 ἔτυχε
506 693 571 783 γάρ
584 723 615 763 τι
628 693 684 762 καί
693 694 992 783 προσκεχωσμένον
1001 692 1108 782 ταύτη

112 819 125 860 ε
153 793 238 881 πρὸς
255 792 294 863 τδ
313 809 436 883 τεῖχος,
466 798 539 865 καί
565 801 669 882 δῆλος
686 793 749 883 μέν
765 785 809 881 ἦν
823 792 1041 882 Ἀλέξανδρος
1060 789 1109 863 ἀν

150 897 220 964 τοῖν
245 921 281 964 τε
316 891 431 965 ὅπλων
457 899 499 985 τῇ
527 895 732 985 λαμπρότητι
756 894 813 963 καὶ
838 897 886 986 τῷ
912 892 1026 986 ἀτόπῳ
1050 899 1109 981 τῆς

149 994 286 1084 τόλμης,
316 1003 403 1083 ἔγνω
422 996 460 1066 δέ
487 995 538 1066 ὅτι
564 997 671 1066 αὐτοῦ
690 995 753 1084 μὲν
770 997 882 1083 μόνοιν
898 993 1110 1066 κινδυνεύσει

149 1095 256 1184 μηδὲν
282 1095 302 1164 ό
324 1124 357 1166 τι
373 1098 429 1166 καὶ
446 1098 551 1184 λόγον
571 1097 664 1182 ἀξιον
681 1094 979 1185 ἀποδεικνύμενος,
1005 1122 1108 1166 κατα-

151 1197 303 1286 πηδήσας
321 1197 359 1268 δέ
377 1209 458 1269 είσω
474 1203 536 1268 τοῦ
551 1206 684 1287 τείχους
696 1197 801 1286 τυχόν
814 1197 877 1286 μὲν
890 1196 983 1290 αὐτῷ
997 1196 1108 1290 τοότςο

111 1325 138 1365 ιο
153 1294 307 1386 ἐκπλήξει
338 1299 419 1380 τούς
441 1299 590 1388 Ἰνδούς,
627 1307 660 1370 εί
684 1298 722 1369 δὲ
748 1299 790 1386 δὴ
815 1299 872 1368 καὶ
897 1298 1108 1368 κινδυνεύειν

151 1402 233 1488 δέοι,
258 1400 387 1488 μεγάλα
413 1406 494 1490 ἔργα
519 1401 672 1482 καὶτοῖς
700 1407 810 1470 ἔπειτα
836 1399 1007 1470 πυθέσθαι
1033 1395 1109 1480 ἀξια

152 1500 380 1589 ἐργασάμενος
414 1496 479 1570 ούκ
514 1501 677 1572 ἀσπουδεὶ
715 1496 951 1570 ἀποθανεῖται·
1002 1502 1109 1570 ταῦτα

151 1603 258 1688 γνούς
289 1608 463 1692 καταπηδᾷ
496 1600 563 1672 ἀπδ
596 1607 657 1672 τοῦ
684 1609 815 1690 τείχους
842 1597 877 1681 ἐς
902 1600 964 1689 τὴν
989 1601 1107 1690 ἀκρον.

153 1709 240 1772 ἐυθα
267 1703 310 1790 δὴ
335 1701 498 1786 ἐρεισθείς
525 1704 609 1793 πρδς
635 1707 681 1796 τῷ
708 1711 808 1791 τείχει
832 1701 913 1783 τούς
938 1703 1001 1790 μέν
1016 1713 1142 1782 τιναςθ

113 1827 139 1868 ιι
155 1801 190 1884 ἐς
215 1817 329 1894 χεῖρας
356 1798 522 1886 ἐλθόντας
539 1805 593 1874 καὶ
612 1803 673 1873 τόν
689 1831 728 1892 γε
744 1803 892 1892 ἡγεμόνα
908 1808 977 1871 τῶν
991 1800 1109 1872 Ἰνδῶν

153 1905 429 1995 προσφερόμενόν
442 1911 478 1975 οί
493 1905 706 1996 θρασύτερον
724 1913 847 1984 παίσας
861 1909 908 1996 τῷ
925 1907 1012 1992 ξίφει
1021 1900 1108 1973 ἀπο-

151 2015 288 2076 κτείνει·
319 2005 423 2077 ἀλλον
449 2007 487 2076 δέ
504 2007 684 2091 πελάζοντα
702 2013 790 2100 λίθῳ
807 2005 921 2093 βαλύν
939 2012 1024 2094 ἐσχε,
1052 2005 1109 2074 καί

153 2103 257 2176 ἀλλον
275 2115 376 2201 λίθῳ,
402 2109 465 2177 τόν
481 2108 520 2178 δέ
539 2110 707 2198 ἐγγυτέρω
728 2106 942 2198 προσάγοντα
958 2112 1005 2200 τῷ
1023 2111 1110 2194 ξίφει

153 2200 265 2288 αὖθις.
306 2215 343 2278 οί
366 2208 404 2278 δέ
429 2209 593 2300 βάρβαροι
618 2209 766 2294 πελάζειν
791 2208 854 2297 μὲν
881 2205 970 2299 αὐτῷ
998 2203 1109 2278 ούκέτι

114 2332 140 2372 νο
153 2307 292 2396 ἤθελον,
311 2315 453 2398 ἔβαλλον
470 2311 508 2380 δέ
525 2311 696 2380 πάντοθεν
713 2309 959 2400 περιεστηκότες
977 2307 997 2376 ό
1012 2336 1044 2377 τι
1060 2335 1109 2388 τις

154 2416 240 2496 ἔχειν
266 2411 363 2498 βέλος
390 2411 572 2497 ἐτύγχανεν
597 2407 619 2498 ἢ
644 2413 680 2480 ἐν
706 2417 753 2502 τῷ
779 2410 855 2479 τότε
881 2415 1009 2497 ἐλαβεν.

227 2509 282 2582 Ἐν
307 2509 417 2602 τούτῳ
453 2511 490 2579 δέ
523 2513 715 2592 Πευκέστας
740 2537 775 2580 τε
800 2511 856 2579 καὶ
883 2508 900 2578 ὁ
927 2515 1106 2599 διμοιρίτης
1119 2507 1160 2571 10

149 2609 287 2700 Ἀβρέας
300 2611 357 2680 καὶ
371 2610 424 2680 ἐπ’
440 2610 554 2692 αόνοίς
568 2612 766 2701 Λεοννάτος,
779 2619 816 2683 οἳ
826 2610 868 2700 δὴ
880 2609 977 2700 μόνοι
990 2617 1109 2698 ἔτυχον

153 2713 236 2801 πρὶν
268 2716 483 2801 ξυντριβῆναι
507 2713 566 2792 τάς
591 2721 754 2802 κλίμακας
780 2710 1025 2800 ἀναβεβηκότες
1051 2713 1107 2782 ἐπὶ

114 2833 140 2873 ²5
153 2812 191 2883 τό
210 2827 329 2902 τεῖχος,
353 2813 643 2902 καταπηδήσαντες
660 2814 716 2883 καὶ
733 2811 830 2884 αότοί
848 2813 913 2903 πρὸ
931 2819 991 2883 τοῦ
1010 2820 1106 2901 βασι-

153 2915 236 2996 λέοις
263 2915 433 3004 ἐμάχοντο.
465 2912 668 3005 κάλἈβρέας
684 2914 747 3002 μὲν
764 2914 783 2983 ὁ
801 2921 980 3003 διμοιρίτης
997 2923 1109 2986 πίπτει

154 3013 274 3102 αὐτοῦ,
299 3016 468 3098 τοξευθεὶς
496 3018 528 3097 ἐς
549 3016 586 3086 τό
606 3013 803 3108 πρόσωπον·
838 3015 1052 3104 Ἀλέξανδρος
1069 3017 1108 3087 δέ

153 3115 307 3204 βάλλεται
332 3116 389 3185 καὶ
415 3112 516 3198 αύτδς
541 3116 596 3185 διά
620 3123 683 3187 τού
700 3117 857 3208 θύρακος
876 3120 909 3196 ἐς
925 3115 963 3186 τό
983 3121 1106 3205 στῆθος

152 3217 325 3306 τοξεύματι
341 3216 430 3308 ύπέρ
445 3216 506 3287 τόν
522 3218 661 3306 μαστόν,
693 3217 777 3289 ὥστε
795 3220 883 3304 λέγει
900 3225 1106 3306 Πτολεμαῖος

114 3334 141 3375 ⁸0
155 3314 205 3387 ότι
229 3320 287 3388 καὶ
313 3323 445 3408 πνεῦμα
471 3318 556 3407 ὁμοῦ
583 3325 629 3412 τῷ
656 3323 768 3407 αἵματι
786 3321 822 3388 ἐκ
838 3322 900 3387 τοῦ
918 3319 1106 3406 τραύματος

153 3419 329 3501 ἐξεπνεῖτο.
373 3417 391 3490 ὁ
418 3421 467 3508 δέ,
494 3425 567 3490 ἔστε
592 3419 654 3508 μέυ
681 3426 728 3489 ἐτι
751 3419 881 3510 θερμὸν
896 3409 940 3506 ἦν
958 3418 1049 3511 αὐτῷ
1066 3417 1140 3488 τόν

152 3515 243 3610 αίμα,
269 3526 390 3612 καίπερ
415 3526 525 3603 κακός
549 3526 645 3609 ἔχων,
669 3519 830 3610 ἠμύνετο·
864 3525 988 3590 πολλοῦ
1007 3519 1045 3590 δέ
1062 3517 1104 3608 δὴ

202 3639 331 3682 munus.
874 3633 905 3683 17
