2678 3950
227 225 289 290 220
579 225 832 284 ΑΔΕΞΑΝΔΡΟΤ

222 382 442 472 Ἀλέξανδρόν
467 409 503 452 τε
529 378 636 451 αότδν
654 389 808 452 κατεῖδον
827 381 939 451 καλ-τό
959 397 1079 470 στῖφος
1098 382 1184 471 άμφ’

226 481 332 555 αότδν
359 488 427 553 τῶν
456 484 602 571 ἱππέων,
630 483 693 552 οὐκ
721 486 776 553 ἐπὶ
801 483 970 572 μετώπου,
998 481 1083 553 άλλίι
1110 492 1197 553 κατ’.

227 595 301 665 ίλας
329 585 539 674 ἐμβεβληκός.
582 587 639 654 καὶ
670 586 801 654 τούτων
835 587 956 664 ἱππέας
981 583 1044 672 μὲν
1069 602 1185 655 πεσεῖν

227 691 261 768 ἐς
295 694 549 776 τετρακοσιόυς,
582 701 695 755 πεσεῖν
730 685 768 754 δέ
799 687 856 754 καὶ
881 691 943 754 τοῦ
970 685 1097 774 Πώρου
1123 687 1184 756 τὸν

226 793 346 858 παῖδα·
390 787 431 855 τά
464 786 502 855 δὲ
534 786 664 875 ἅρματα
697 785 813 867 αὐτοῖς
845 792 959 867 ἵπποις
992 785 1120 856 άλώναι
1148 793 1212 857 ἒνι
1317 810 1331 834 τ

226 917 261 960 τε
285 895 329 976 τῇ
356 885 567 977 ἀποχωρήσει
600 889 706 976 βαρέα
738 885 918 975 γιγνόμενα
945 887 1001 955 καλ
1029 890 1065 956 ἐν
1092 888 1185 980 αὐτῷ

225 995 273 1082 τῷ
301 995 388 1082 ἔργῳ
414 987 483 1058 ὑπό
511 995 620 1077 πηλοῦ
646 984 773 1078 άχρεῐα.

193 1115 207 1162 3
304 1094 424 1178 Πῶρος
450 1089 489 1158 δὲ
515 1089 561 1169 ώς
587 1087 680 1181 αὐτῷ
707 1088 779 1158 ὅσοι
806 1094 917 1170 ἱππεῖς
943 1093 979 1160 έκ
996 1097 1054 1179 της
1073 1093 1185 1179 φυγῆς

226 1193 418 1274 διεσώζοντο
441 1190 663 1279 Ἀλέξανδρόν
688 1218 724 1260 τε
754 1189 859 1258 ου’τόν
886 1195 1095 1281 πεπερακότα
1122 1191 1184 1273 ξόν

225 1297 297 1379 τῆς
316 1295 514 1380 στρατιάς
532 1297 586 1382 τῷ
604 1292 902 1384 καρτερωτάτῳ
920 1296 977 1362 καλ
995 1294 1056 1362 τδν
1074 1297 1179 1363 παῖδα
1194 1317 1218 1358 ιο

227 1397 263 1464 έν
290 1397 329 1483 τῇ
357 1393 445 1482 μάχη
473 1392 726 1478 τετελευτηκότα
748 1391 918 1480 ἤγγειλαν,
947 1397 1096 1481 ἐγίγνετο
1123 1393 1184 1482 μὲν

229 1496 286 1564 καὶ
306 1492 351 1574 ώς
378 1494 565 1582 άμφίβολος
590 1499 633 1581 τῇ
659 1493 791 1582 γνώμη,
818 1492 869 1562 ὅτι
893 1496 950 1564 καὶ
976 1501 1011 1564 οἱ
1034 1495 1101 1563 άπὸ
1124 1501 1184 1564 τοῦ

225 1595 427 1684 καταντικρύ
442 1597 503 1663 τοῦ
511 1593 659 1682 μεγάλου
670 1597 898 1682 στρατοπέδου
910 1602 946 1664 οἱ
952 1595 1014 1677 ξάν
1025 1598 1185 1689 Κρατέρῳ

225 1697 497 1783 ὑπολελειμμένοι
512 1698 754 1782 ἐπιχειροῦντες
766 1699 811 1784 τη”
825 1697 975 1785 διαβάσει
991 1701 1185 1783 ἐφαίνοντο·

193 1803 334 1868 ιελλετο
361 1797 392 1865 δ’
422 1787 487 1865 οὖν
514 1795 566 1864 ἐπ’
595 1795 703 1865 αὐτόν
726 1795 946 1884 Ἀλέξανδρον
975 1799 1095 1878 ἐλάσας
1122 1793 1225 1880 ξόνιτ
1328 1843 1329 1848 1

224 1901 266 1986 τῇ
302 1899 439 1986 στρατιᾷ
472 1897 563 1986 πάση
591 1899 675 1986 πρὸς
700 1899 737 1965 τό
771 1899 1022 1988 καρτερώτατόν
1053 1927 1089 1968 τε
1114 1905 1185 1967 τών
1329 1893 1331 1920 δ

225 1998 439 2068 Μακεδόνων
464 2000 521 2066 καὶ
547 1997 653 2066 αὐτόν
670 1998 731 2066 τὸν
748 2001 886 2086 βασιλέα
904 2005 1181 2086 διαγωνίσασθαι.

226 2099 312 2169 άλλά
331 2101 388 2168 καὶ
408 2095 454 2178 ώς
471 2097 610 2185 όλίγους
628 2102 697 2167 τών
721 2099 913 2186 ἐλεφάντων
932 2100 998 2170 σόν
1017 2098 1057 2168 οό
1077 2107 1185 2189 πολλῇ

227 2203 364 2291 στρατιᾷ
390 2195 499 2270 ου’τοό
527 2201 582 2270 ἐπὶ
608 2206 669 2268 τοῦ
696 2203 923 2288 στρατοπέδου
942 2202 1112 2288 ἀπέλιπεν,
1140 2201 1186 2282 ώς

226 2311 346 2392 φοβεῖν
372 2299 439 2370 άπδ
464 2305 524 2388 της
550 2299 654 2388 ὄχθης
680 2300 760 2381 τούς
778 2301 840 2382 ξδν
865 2305 1024 2395 Κρατέρῳ
1053 2305 1183 2383 ἱππέας.
1199 2331 1226 2373 κο

226 2403 330 2482 αὐτός
371 2401 409 2472 δὲ
442 2402 504 2489 τηύ
536 2429 573 2471 τε
612 2407 718 2471 ἵππου
754 2401 935 2491 άναλαβών
979 2409 1110 2491 πᾶσαν,
1153 2407 1187 2484 ἐς

225 2509 506 2592 τετρακισχιλίους
522 2504 655 2590 ἱππέας,
671 2504 728 2573 καὶ
744 2502 785 2571 τά
805 2504 937 2592 άρματα
952 2505 1074 2592 πάντα,
1091 2533 1186 2594 τρια·

226 2605 321 2674 κόσια
339 2603 433 2690 όντα,
459 2605 602 2672 καὶτῶν
621 2602 814 2691 ἐλεφάντων
833 2611 1024 2686 διακοσίους
1042 2607 1100 2673 καὶ
1117 2610 1186 2674 τών

227 2711 332 2790 πεζῶν
359 2703 377 2773 ὅ
402 2731 434 2772 τι
460 2729 521 2793 περ
549 2701 688 2792 ὄφελος,
717 2709 750 2784 ές
775 2714 1013 2795 τρισμυρίους,
1039 2705 1186 2792 ἤλαυνεν

178 2829 209 2878 ὀ
227 2801 273 2887 ώς
306 2803 357 2875 ἐπ’
387 2803 617 2893 Ἀλέξανδρον
669 2804 714 2885 ώς
748 2803 782 2873 δ’
818 2809 952 2894 ἐνέτυχε
984 2814 1096 2900 χωρίῳ
1128 2812 1227 2876 ἱναεε

226 2906 268 2976 οὐ
297 2904 402 2994 πηλός
429 2905 521 2998 αὐτῷ
550 2909 726 2993 ἐφαίνετο,
752 2904 829 2974 ἀλλ’
857 2906 927 2976 όπό
955 2908 1094 2995 ψάμμου
1120 2906 1187 2997 γάρ
1233 2950 1236 2957 ,

226 3008 360 3095 ξύμπαν
385 2997 428 3092 ἦν
454 3006 580 3076 άπεδον
606 3009 662 3076 καλ
690 3006 826 3096 στερεόν
854 3007 970 3089 ε’ςτάς
988 3008 1133 3096 ἐφόδους
1151 3036 1188 3078 τε

225 3110 283 3178 καὶ
310 3106 527 3196 άναστροφάς
552 3110 620 3176 τῶν
646 3112 772 3195 ἰ’ππωυ,
804 3111 954 3178 ἐνταῦθα
982 3117 1099 3178 ἔτασσε
1125 3110 1187 3196 τὴν

227 3208 396 3297 στρατιάν,
410 3209 565 3296 πρώτους
579 3208 641 3297 μὲν
654 3208 736 3289 τούς
751 3211 935 3298 ἐλέφαντας
950 3211 1004 3278 ἐπὶ
1018 3210 1187 3298 μετώπου,

226 3313 378 3398 διέχοντα
396 3311 561 3397 ἐλέφαντα
581 3311 762 3398 ἐλέφαντος
780 3310 820 3380 οὐ
839 3325 933 3394 μεῖον
952 3313 1116 3399 πλέθρου,
1142 3310 1187 3392 ὡς
1200 3336 1225 3378 ιο

226 3411 291 3501 πρδ
328 3409 438 3496 πάσης
473 3437 509 3480 τε
542 3415 601 3500 τῆς
640 3411 814 3500 φάλαγγος
846 3414 915 3480 τῶν
942 3417 1048 3494 πεζώυ
1074 3437 1186 3502 παρά
1330 3403 1331 3410 ¹

226 3515 370 3600 ταθῆναι
383 3508 475 3606 αὐτῷ
490 3511 568 3599 τούς
584 3515 768 3601 ἐλέφαντας
780 3515 833 3582 έπὶ
847 3511 1002 3600 μετώπου
1013 3511 1068 3580 καὶ
1078 3512 1187 3600 φόβον
