2664 3946
229 241 291 307 154
584 242 834 300 ιλυωιααεου

227 405 264 470 οί
292 400 356 490 μὲν
388 400 616 488 ἐξεπλάγησαν
647 399 731 487 πρός
755 427 793 470 τε
817 406 886 469 τάν
912 406 1023 487 βελῶν
1048 399 1110 488 τὴν
1136 399 1193 470 διά

227 507 360 592 μακροῦ
385 500 508 590 ἀφεσιν
534 503 590 570 καὶ
615 500 666 570 ὅτι
691 497 780 589 ἀνὴρ
807 499 938 586 ἀγαθὸς
965 499 1083 582 αύτολς
1100 529 1192 572 τετε-

228 602 399 690 λευτήκει,
424 603 481 671 καὶ
504 601 623 690 ὀλίγον
648 600 866 692 ἀνεχώρησαν
891 599 958 672 άπό
984 608 1043 690 τῆς
1070 601 1192 692 όχθης·

195 699 441 794 5Ἀλέξανδρος
468 703 506 773 δὲ
530 705 795 792 τεταραγμένους
821 702 906 792 πρός
931 702 973 772 τά
998 705 1080 792 βέλη
1108 703 1193 772 ἰδών

227 803 296 874 ύπδ
311 811 506 892 σαλπίγγων
521 805 623 892 ἐπέρα
635 805 696 873 τδυ
709 803 861 893 ποταμόν
875 802 977 885 αύτός
989 799 1192 893 ἡγούμενος·
1208 835 1223 876 ε

229 911 340 976 εἵπετο
367 906 405 975 δὲ
431 900 523 999 αύτῷ
549 907 606 973 καὶ
632 899 653 993 η
680 904 764 994 άλλη
791 904 937 993 στρατιά.
980 905 1194 994 πρῶτονμὲν

230 1006 272 1094 δη
298 1005 379 1088 τούς
396 1006 529 1090 τοξότας
547 1008 603 1075 καὶ
629 1005 708 1085 τούς
734 1005 963 1094 σφενδονήτας
985 1005 1194 1095 ἀποβιβάσας

230 1113 423 1196 σφενδονᾶν
459 1135 496 1177 τε
533 1108 590 1176 καὶ
623 1107 805 1188 ἐκτοξεύειν
840 1109 1016 1178 ἐκέλευσεν
1048 1111 1082 1188 ές
1115 1107 1194 1188 τούς

231 1207 384 1296 Σκύθας,
417 1209 461 1290 ὥς
486 1207 532 1297 μὴ
558 1207 709 1291 πελάζειν
734 1206 860 1288 αύτούς
885 1213 927 1297 τῇ
953 1209 1102 1296 φάλαγγι
1125 1211 1194 1278 τοῖν

230 1312 336 1394 πεζῶν
362 1310 574 1399 ε’κβαινούση,
601 1311 682 1395 πρὶν
706 1308 769 1396 τὴν
795 1313 899 1378 ἵππον
926 1307 1020 1403 αύτῷ
1038 1315 1194 1398 διαβῆναι
1207 1342 1235 1382 ιο

195 1417 350 1481 σπάσαν.
410 1409 456 1492 ὥς
498 1409 537 1480 δέ
576 1404 699 1497 ἀθρόοι
738 1410 793 1478 ἐπὶ
826 1416 868 1500 τῇ
894 1409 981 1501 ὄχθη
1022 1411 1193 1498 ἐγένοντο,

230 1515 355 1601 ἐφῆκεν
389 1513 446 1581 ἐπὶ
475 1512 557 1591 τούς
591 1510 735 1590 Σκύθας
768 1509 805 1579 τό
843 1511 906 1600 μὲν
940 1517 1075 1598 πρῶτον
1112 1519 1194 1600 μίαν

230 1618 415 1701 ἱππαρχίαν
439 1618 509 1682 τῶν
541 1611 647 1694 ξένων
677 1613 734 1681 καὶ
765 1615 833 1680 τῶν
859 1613 1095 1702 σαρισοφόρων
1121 1621 1194 1693 ἱλας

228 1717 407 1802 τέσσαρας·
453 1714 509 1782 καὶ
540 1711 680 1791 τούτους
705 1712 879 1802 δεξάμενοι
910 1717 946 1782 οἱ
970 1713 1107 1783 Σκύθαι
1137 1714 1193 1782 καὶ

231 1819 264 1896 ές
306 1815 453 1894 κύκλους
496 1813 772 1900 περιιππεύοντες
816 1813 959 1901 ἔβαλλόν
1002 1841 1038 1885 τε
1076 1815 1193 1884 πολλοὶ
1207 1845 1234 1885 ιε

229 1913 378 2002 ὀλίγους,
405 1913 501 1984 αύτοὶ
526 1914 563 1984 δὲ
589 1911 629 1982 ού
648 1920 799 2002 χαλεπῶς
826 1915 1064 2004 διεφύγγανον.
1099 1913 1193 1986 Ἀλέ-

229 2020 371 2104 ξανδρος
404 2015 443 2086 δδ
474 2015 554 2098 τούς
585 2040 622 2084 τε
651 2015 786 2096 τοξότας
818 2017 875 2084 καὶ
905 2016 986 2097 τούς
1016 2011 1192 2104 Ἀγριᾶνας

229 2118 286 2186 καὶ
321 2115 403 2198 τούς
442 2115 567 2196 ἀλλους
603 2116 741 2204 ψιλούς,
782 2109 830 2185 άν
865 2119 1040 2206 Βάλακρος
1078 2111 1193 2208 ἦρχεν,

229 2216 393 2307 ἀναμίξας
419 2234 489 2299 τοῖς
516 2223 676 2287 ἱππεῦσιν
703 2220 824 2305 ἐπῆγεν
852 2220 906 2286 ἐπὶ
931 2220 1010 2300 τούς
1041 2219 1193 2300 Σκύθας.

196 2318 276 2401 τάς
311 2320 349 2390 δδ
382 2318 467 2408 ὁμοῦ
501 2317 567 2407 ἤδη
599 2319 771 2405 ε’γένουτο,
805 2319 920 2388 ἐλάσαι
953 2321 1128 2390 ἐκέλευσεν
1160 2323 1234 2400 έςεο

229 2419 355 2502 αύτούς
380 2427 449 2490 τῶν
474 2447 511 2489 τε
537 2422 680 2507 ἑταίρων
705 2433 794 2507 τρεῖς
825 2425 1007 2510 ἱππαρχίας
1032 2422 1090 2490 καὶ
1114 2419 1195 2501 τούς

231 2519 489 2602 ἱππακοντιστάς
506 2521 716 2610 ξύμπαντας·
749 2521 806 2588 καὶ
823 2519 923 2602 αύτδς
940 2522 1057 2610 δὲτὴν
1074 2521 1194 2609 λοιπὴν

230 2629 336 2693 ἵππον
362 2623 456 2710 άγων
483 2627 617 2712 σπουδῇ
645 2624 823 2709 ἐνέβαλλεν
849 2621 981 2710 ὀρθίαις
1006 2637 1079 2704 ταῖς
1098 2632 1193 2704 ἱλαις.

230 2723 358 2794 ούκουν
384 2729 432 2798 ἔτι
457 2719 585 2793 οἷοίτε
609 2716 696 2810 ἦσαν
723 2725 901 2803 ἐξελίσσειν
931 2723 993 2812 τὴν
1028 2727 1194 2794 ἱππασίαν

232 2828 265 2906 ἐς
296 2824 461 2911 κύκλους,
496 2821 541 2904 άς
574 2823 726 2912 πρόσθεν
760 2830 821 2893 ἔτι·
865 2822 951 2912 ὁμοῦ
984 2825 1046 2913 μὲν
1079 2823 1145 2913 γάρ
1171 2823 1234 2911 ἡιε

232 2933 334 3006 ἵππος
368 2925 562 3012 προσέκειτο
595 2923 727 3010 αύτοίς,
755 2923 840 3013 ὁμοῦ
867 2925 906 2995 δὲ
931 2931 967 2996 οἱ
990 2927 1083 3008 ψιλοὶ
1109 2924 1195 2994 άνα-

229 3028 424 3115 μεμιγμένοι
448 3040 518 3106 τοίς
547 3030 685 3094 ἱππεῦσι
710 3021 774 3094 ούκ
800 3036 880 3096 εἱων
904 3025 965 3107 τάς
993 3025 1195 3116 ἐπιστροφάς

230 3127 393 3217 ἀσφαλεῖς
419 3137 598 3197 ποιεῖσθαι.
642 3133 728 3196 ἔνθα
753 3125 888 3217 λαμπρά
913 3125 980 3215 ἤδη
1006 3127 1099 3218 φυγὴ
1126 3133 1195 3197 τῶν

198 3233 386 3299 εΣκυθύυ
411 3221 471 3316 ἦν·
514 3229 569 3296 καὶ
596 3234 755 3297 πίπτουσι
780 3228 843 3316 μὲν
868 3225 982 3297 αύτῶυ
1010 3232 1043 3309 ἐς
1068 3237 1195 3318 χιλίους

229 3333 285 3400 καὶ
313 3325 360 3410 εἱς
384 3335 453 3399 τῶν
477 3327 671 3418 ἡγεμόνων,
700 3329 889 3418 Σατράκης,
917 3329 1068 3400 ἑάλωσαν
1095 3330 1134 3400 δὲ
1160 3332 1234 3410 ἐςεο

230 3429 349 3502 ἑκατόν
380 3432 437 3500 καὶ
469 3429 682 3518 πεντήκοντα.
741 3424 786 3510 ὥς
825 3429 863 3500 δὲ
900 3428 922 3518 ἡ
957 3434 1068 3513 δίωξις
1101 3428 1195 3514 ὀξείά

228 3559 264 3602 τε
289 3534 346 3601 καὶ
373 3530 428 3602 διά
455 3530 624 3622 καύματος
648 3536 778 3600 πολλού
796 3529 1012 3619 ταλαιπύρως
1032 3536 1195 3622 ἐγίγνετο,
