2664 3946
213 229 274 294 132
310 251 312 258 ,
564 229 817 284 ιωτιυεεοτ

209 376 313 455 βῆναι
339 375 409 436 τοῖν
435 371 548 436 ἳππων
578 371 756 436 ἐκέλευσεν
784 367 891 445 οὕτως
912 365 1004 445 ὅπως
1025 369 1059 434 οί
1079 371 1171 447 πεζοὶ

176 488 192 537 8
211 469 415 557 ὠπλισμένοι
430 465 529 557 η’σαν.
556 471 733 553 Νικάνορα
745 469 782 536 δὲ
794 469 853 535 τόν
864 473 932 535 τόν
946 468 1170 536 ὑπασπιστῶν

209 572 358 658 ἡγεμόνα
373 573 429 638 καὶ
444 572 606 638 Ἀτταλον
627 571 687 637 τόν
708 575 777 638 τῶν
795 570 980 656 Ἀγριάνων
1002 571 1085 637 κατά
1107 571 1171 656 τήν

210 672 294 741 ὁδόν
315 672 435 758 ἥντινα
450 676 486 740 οἱ
497 673 584 759 ἀμφὶ
598 679 735 758 Βῆσσον
750 673 1079 758 προύκεχωρήκεσαν
1092 673 1171 752 τούς

209 773 482 860 ὑπολειφθέντας
496 773 591 858 ἄγειν
608 775 780 856 ἐκέλευσε,
803 775 859 838 καὶ
873 774 1015 852 τούτους
1029 771 1075 852 οἱς
1088 799 1170 841 κου-
1183 804 1196 843 ε

211 877 340 962 φότατα
356 878 591 960 ἐσταλμένους,
611 874 689 952 τοδς
704 876 741 942 δὲ
757 873 881 952 ἄλλους
895 872 1012 955 πεζοδς
1028 877 1066 942 ἐν
1080 877 1171 955 τάξει

177 979 364 1044 εὲπεσθαι.
407 974 509 1054 αότδς
536 979 573 1043 δὲ
601 975 686 1060 άμφὶ
714 979 831 1062 δείλην
858 975 953 1059 άγειν
987 975 1171 1062 ἀρξάμενος

212 1079 328 1166 δρόμῳ
348 1076 482 1164 ἡγεῖτο·
511 1076 660 1144 διελθών
682 1078 720 1143 δὲ
742 1083 800 1162 τῆς
814 1076 937 1156 νυκτός
958 1081 1115 1156 σταδίους
1137 1079 1172 1156 ἐς

211 1184 450 1264 τετρακοσίους
471 1177 538 1245 ὑπὸ
560 1176 624 1264 την
645 1180 689 1244 ἕω
717 1180 931 1263 ἐπιτυγχάνει
952 1191 1021 1256 τοῖς
1042 1181 1170 1265 βαρβά-

213 1305 285 1364 ροις
307 1279 456 1358 άτάκτως
478 1283 569 1346 ίοῦσι
590 1281 647 1344 καί
669 1278 845 1364 άυόπλοις,
871 1278 957 1347 ὥστε
979 1279 1086 1365 ὀλίγοι
1108 1283 1170 1366 μέν
1184 1312 1208 1352 ιο

210 1408 299 1460 τινες
315 1381 429 1447 αὐτῶν
444 1380 490 1459 ὡς
503 1379 731 1466 ἀμυνούμενοι
753 1379 930 1466 ὥρμησαν,
952 1383 989 1447 οί
1000 1383 1037 1448 δὲ
1053 1383 1171 1449 πολλοὶ

211 1483 317 1560 εύθδς
331 1481 376 1560 ὣς
388 1482 608 1564 Ἀλέξανδρον
622 1482 727 1548 αότδυ
742 1485 898 1548 κατεῖδον
912 1480 992 1550 οὐδὲ
1009 1485 1043 1560 ἐς
1058 1495 1171 1569 χεῖρας

211 1587 373 1662 ἐλθόντες
389 1587 552 1668 ἔφευγον·
579 1583 636 1648 καλ
658 1585 694 1648 οί
712 1584 892 1665 τραπέντες
915 1585 949 1661 ἐς
970 1583 1077 1668 άλκηυ
1099 1582 1170 1650 όλί-

164 1707 192 1756 ιο
210 1711 282 1770 γων
303 1687 480 1752 πεσόντων
495 1686 551 1750 καὶ
574 1676 669 1751 οὗτοι
684 1689 822 1769 ἔφυγον.
860 1691 993 1769 Βῆσσος
1014 1686 1052 1753 δὲ
1066 1684 1123 1752 καὶ
1137 1687 1173 1752 οί

211 1787 274 1866 ξόν
301 1786 392 1872 αὐτῷ
420 1789 501 1864 τέως
528 1787 591 1872 μὲν
619 1785 675 1870 ἐφ’
698 1784 892 1872 ἁρμαμάξης
918 1792 1067 1869 Δαρεῖον
1087 1785 1207 1871 μετάιι

210 1893 311 1973 σφῶν
338 1889 506 1972 ἐκόμιζον·
541 1884 587 1964 τός
614 1887 651 1953 δὲ
678 1884 763 1971 ὁμοῦ
785 1886 849 1971 ἥδη
875 1879 920 1970 ἦν
945 1885 1167 1972 Ἀλέξανδρος,

209 1996 362 2072 Δαρεῖον
377 1988 439 2073 μὲν
454 1989 676 2072 Ναβαρζάνης
690 1989 745 2052 καὶ
760 1988 975 2072 Βαρσαέντης
996 1990 1168 2073 κατατρω-

210 2107 331 2166 σαντες
353 2087 460 2154 αὐτοῦ
487 2087 665 2154 ἀπέλιπον·
697 2086 792 2154 αὐτοὶ
815 2089 853 2154 δὲ
879 2093 1008 2174 ἔφυγον
1029 2087 1092 2168 ξδυ
1114 2091 1129 2154 ί
1150 2127 1165 2140 ·

210 2194 334 2256 πεῦσιν
363 2189 555 2267 ἑξακοσίοις.
593 2194 738 2272 Δαρεῖος
765 2190 802 2255 δὲ
824 2188 1033 2274 ἀποθνήσκει
1055 2188 1170 2274 ὀλίγον

208 2290 354 2376 ὕστερον
387 2293 426 2358 ἐκ
456 2295 527 2356 τῶν
558 2290 760 2376 τραυμάτων
787 2293 869 2374 πρίν
901 2290 1051 2376 ὀφθῆναι
1075 2289 1206 2360 Ἀλε-εο

209 2394 352 2480 ξάνδρφ.

158 2506 201 2572 22
292 2493 509 2575 Ἀλέξανδρος
524 2493 561 2559 δὲ
576 2493 614 2558 τό
628 2495 691 2578 μὲν
706 2493 800 2579 σῶμα
814 2493 852 2559 τό
865 2498 1017 2580 Δαρείου
1032 2495 1067 2572 ἐς
1077 2495 1168 2576 Πέρ-

210 2615 271 2672 σας
305 2599 449 2680 ἔπεμφε,
482 2590 590 2675 θάψαι
623 2597 785 2674 κελεύσας
813 2599 852 2662 ἐν
878 2607 950 2673 ταις
980 2599 1169 2680 βασιλικαῖς

207 2698 350 2782 θήκαις,
372 2696 529 2778 καθάπερ
551 2697 609 2762 καὶ
630 2699 666 2762 οἱ
684 2696 782 2761 άλλοι
798 2696 835 2762 οί
852 2694 920 2780 πρδ
933 2700 1084 2780 Δαρείου
1105 2701 1168 2780 βυ-

208 2802 327 2874 σιλεϊς·
350 2798 525 2884 σατράπην
540 2797 578 2862 δὲ
593 2795 744 2874 ἀπέδειξε
755 2802 968 2883 Παρθυαίων
983 2799 1039 2863 καὶ
1049 2794 1167 2882 ’Τρκα-
1179 2823 1206 2866 τε

208 2902 296 2964 νίων
320 2895 545 2983 Ἀμμινάσπηυ
572 2903 792 2977 Παρθυαῖον·
822 2888 872 2983 ,ἦν
899 2898 937 2965 δὲ
970 2891 1069 2976 οὗτος
1100 2903 1170 2964 τοῖν

208 3004 386 3082 Αίγυπτον
428 2999 600 3064 ἐνδόντων
632 2995 839 3086 Ἀλεξάνδρῳ
874 2997 956 3084 μετά
994 3001 1165 3080 Μαζάκου.

213 3099 428 3183 Τληπόλεμος
442 3099 480 3164 δὲ
492 3102 729 3184 Πυθοφάνους
743 3100 812 3165 τῶν
826 3101 967 3186 ἑταίρων
981 3100 1168 3184 ξυνετάχθη

209 3200 299 3287 αὐτῷ
321 3212 461 3266 σκοπεῖν
483 3196 524 3265 τά
547 3200 585 3266 ἐν
607 3205 822 3281 Παρθυαίοις
843 3224 880 3266 τε
899 3201 955 3266 καὶ
972 3200 1166 3282 Ὑρκανίοις.

174 3318 191 3370 2
297 3307 403 3368 Τοῦτο
424 3303 463 3368 τό
491 3303 586 3379 τέλος
606 3305 743 3386 Δαρείῳ
766 3301 899 3385 ἐγένετο
922 3301 977 3368 ἐπὶ
1004 3301 1167 3386 άρχοντος
1181 3331 1206 3371 ω
1317 3333 1318 3346 ¹

204 3402 394 3488 Ἀθηναίοις
426 3402 690 3487 Ἀριστοφῶντος
726 3405 833 3486 μηνός
867 3401 1165 3489 Ἑκατομβαιῶνος,

208 3503 308 3590 άνδρὶ
335 3502 459 3590 τὰμὲν
480 3505 639 3588 πολέμια,
662 3509 757 3590 είπερ
778 3506 846 3572 τινί
867 3503 975 3593 άλλφ,
1002 3508 1168 3591 μαλθακῷ
