<?xml version="1.0" encoding="UTF-8"?>
<!DOCTYPE html PUBLIC "-//W3C//DTD XHTML 1.0 Transitional//EN"
    "http://www.w3.org/TR/xhtml1/DTD/xhtml1-transitional.dtd">
<html xmlns="http://www.w3.org/1999/xhtml" xml:lang="en" lang="en">
 <head>
  <title>
</title>
<meta http-equiv="Content-Type" content="text/html;charset=utf-8" />
  <meta name='ocr-system' content='tesseract 3.04.00' />
  <meta name='ocr-capabilities' content='ocr_page ocr_carea ocr_par ocr_line ocrx_word'/>
</head>
<body>
  <div class='ocr_page' id='page_1' title='image "./arrianianabasis00abicgoog_0226.png"; bbox 0 0 2678 3950; ppageno 0'>
   <div class='ocr_carea' id='block_1_1' title="bbox 500 250 1121 316">
    <p class='ocr_par' dir='ltr' id='par_1_1' title="bbox 500 250 1121 316">
     <span class='ocr_line' id='line_1_1' title="bbox 500 250 1121 316; baseline 0.014 -13"><span class='ocrx_word' id='word_1_1' title='bbox 500 252 683 304; x_wconf 73' lang='grc' dir='ltr'><em>εαεΒεΣιΣ</em></span> <span class='ocrx_word' id='word_1_2' title='bbox 700 255 725 316; x_wconf 84' lang='grc' dir='ltr'><em>ι,</em></span> <span class='ocrx_word' id='word_1_3' title='bbox 742 255 783 304; x_wconf 78' lang='grc' dir='ltr'><em>ιε.</em></span> <span class='ocrx_word' id='word_1_4' title='bbox 1061 250 1121 312; x_wconf 84' lang='grc'><em>195</em></span> 
     </span>
    </p>
   </div>
   <div class='ocr_carea' id='block_1_2' title="bbox 128 403 1154 3695">
    <p class='ocr_par' dir='ltr' id='par_1_2' title="bbox 128 403 1154 3695">
     <span class='ocr_line' id='line_1_2' title="bbox 165 403 1120 497; baseline 0 -21"><span class='ocrx_word' id='word_1_5' title='bbox 165 405 210 488; x_wconf 81' lang='grc' dir='ltr'><em>ῶς</em></span> <span class='ocrx_word' id='word_1_6' title='bbox 236 411 293 478; x_wconf 81' lang='grc' dir='ltr'><em>καὶ</em></span> <span class='ocrx_word' id='word_1_7' title='bbox 320 405 483 497; x_wconf 74' lang='grc' dir='ltr'><em>ἀπορρεῖν</em></span> <span class='ocrx_word' id='word_1_8' title='bbox 508 408 575 477; x_wconf 86' lang='grc' dir='ltr'><em>άπδ</em></span> <span class='ocrx_word' id='word_1_9' title='bbox 601 411 660 495; x_wconf 81' lang='grc' dir='ltr'><em>τῆς</em></span> <span class='ocrx_word' id='word_1_10' title='bbox 686 412 793 496; x_wconf 76' lang='grc' dir='ltr'><em>πηγῆς</em></span> <span class='ocrx_word' id='word_1_11' title='bbox 819 406 925 496; x_wconf 88' lang='grc' dir='ltr'><em>ῦδωρ,</em></span> <span class='ocrx_word' id='word_1_12' title='bbox 952 409 1008 476; x_wconf 81' lang='grc' dir='ltr'><em>καὶ</em></span> <span class='ocrx_word' id='word_1_13' title='bbox 1036 403 1120 496; x_wconf 85' lang='grc' dir='ltr'><em>ῦλην</em></span> 
     </span>
     <span class='ocr_line' id='line_1_3' title="bbox 147 507 1119 596; baseline -0.003 -19"><span class='ocrx_word' id='word_1_14' title='bbox 147 510 222 577; x_wconf 77' lang='grc' dir='ltr'><em>’καὶ</em></span> <span class='ocrx_word' id='word_1_15' title='bbox 239 513 304 596; x_wconf 76' lang='grc' dir='ltr'><em>γῆν</em></span> <span class='ocrx_word' id='word_1_16' title='bbox 321 507 455 595; x_wconf 78' lang='grc' dir='ltr'><em>άγαδὴν</em></span> <span class='ocrx_word' id='word_1_17' title='bbox 474 509 653 596; x_wconf 78' lang='grc' dir='ltr'><em>ἐργάσιμον</em></span> <span class='ocrx_word' id='word_1_18' title='bbox 671 507 755 596; x_wconf 88' lang='grc' dir='ltr'><em>ὅσην</em></span> <span class='ocrx_word' id='word_1_19' title='bbox 771 511 828 578; x_wconf 79' lang='grc' dir='ltr'><em>καὶ</em></span> <span class='ocrx_word' id='word_1_20' title='bbox 844 516 962 594; x_wconf 84' lang='grc' dir='ltr'><strong><em>χιλίοις</em></strong></span> <span class='ocrx_word' id='word_1_21' title='bbox 982 507 1119 595; x_wconf 77' lang='grc' dir='ltr'><em>άνδριό-</em></span> 
     </span>
     <span class='ocr_line' id='line_1_4' title="bbox 166 605 880 698; baseline 0 -20"><span class='ocrx_word' id='word_1_22' title='bbox 166 635 239 690; x_wconf 88' lang='grc' dir='ltr'><em>ποις</em></span> <span class='ocrx_word' id='word_1_23' title='bbox 265 608 469 696; x_wconf 75' lang='grc' dir='ltr'><em>ἀποχρῶσαν</em></span> <span class='ocrx_word' id='word_1_24' title='bbox 495 605 540 678; x_wconf 83' lang='grc' dir='ltr'><em>άν</em></span> <span class='ocrx_word' id='word_1_25' title='bbox 566 609 652 679; x_wconf 80' lang='grc' dir='ltr'><em>εἶναι</em></span> <span class='ocrx_word' id='word_1_26' title='bbox 679 610 880 698; x_wconf 75' lang='grc' dir='ltr'><em>ἐργάζεσθαι.</em></span> 
     </span>
     <span class='ocr_line' id='line_1_5' title="bbox 241 709 1154 800; baseline -0.004 -20"><span class='ocrx_word' id='word_1_27' title='bbox 241 711 308 780; x_wconf 84' lang='grc' dir='ltr'><em>Καὶ</em></span> <span class='ocrx_word' id='word_1_28' title='bbox 317 713 424 782; x_wconf 89' lang='grc' dir='ltr'><em>ταῦτα</em></span> <span class='ocrx_word' id='word_1_29' title='bbox 437 710 604 780; x_wconf 87' lang='grc' dir='ltr'><em>άκοόοντα</em></span> <span class='ocrx_word' id='word_1_30' title='bbox 610 709 830 800; x_wconf 80' lang='grc' dir='ltr'><em>Ἀλέξανδρον</em></span> <span class='ocrx_word' id='word_1_31' title='bbox 844 710 950 792; x_wconf 75' lang='grc' dir='ltr'><em>πόθος</em></span> <span class='ocrx_word' id='word_1_32' title='bbox 961 711 1121 800; x_wconf 79' lang='grc' dir='ltr'><em>λαμβάνει</em></span> <span class='ocrx_word' id='word_1_33' title='bbox 1137 733 1154 776; x_wconf 83' lang='lat'>4</span> 
     </span>
     <span class='ocr_line' id='line_1_6' title="bbox 139 809 1120 904; baseline -0.003 -21"><span class='ocrx_word' id='word_1_34' title='bbox 139 815 290 894; x_wconf 81' lang='grc' dir='ltr'><em>εέξελεῑν</em></span> <span class='ocrx_word' id='word_1_35' title='bbox 307 815 480 881; x_wconf 78' lang='grc' dir='ltr'><em>καὶτοῦτο</em></span> <span class='ocrx_word' id='word_1_36' title='bbox 504 811 541 880; x_wconf 90' lang='grc' dir='ltr'><em>τδ</em></span> <span class='ocrx_word' id='word_1_37' title='bbox 562 809 653 898; x_wconf 83' lang='grc' dir='ltr'><em>ὅρος,</em></span> <span class='ocrx_word' id='word_1_38' title='bbox 679 810 741 898; x_wconf 78' lang='grc' dir='ltr'><em>οὐχ</em></span> <span class='ocrx_word' id='word_1_39' title='bbox 761 809 876 898; x_wconf 75' lang='grc' dir='ltr'><em>ἥκιστα</em></span> <span class='ocrx_word' id='word_1_40' title='bbox 896 813 950 881; x_wconf 82' lang='grc' dir='ltr'><em>ἐπὶ</em></span> <span class='ocrx_word' id='word_1_41' title='bbox 968 815 1014 904; x_wconf 85' lang='grc' dir='ltr'><em>τῴ</em></span> <span class='ocrx_word' id='word_1_42' title='bbox 1033 811 1120 901; x_wconf 84' lang='grc' dir='ltr'><em>άμφὶ</em></span> 
     </span>
     <span class='ocr_line' id='line_1_7' title="bbox 164 905 1121 1004; baseline -0.001 -22"><span class='ocrx_word' id='word_1_43' title='bbox 164 915 225 982; x_wconf 86' lang='grc' dir='ltr'><em>τόν</em></span> <span class='ocrx_word' id='word_1_44' title='bbox 246 912 409 1000; x_wconf 83' lang='grc' dir='ltr'><em>Ἡρακλέα</em></span> <span class='ocrx_word' id='word_1_45' title='bbox 427 913 530 1004; x_wconf 78' lang='grc' dir='ltr'><em>μάθῴ</em></span> <span class='ocrx_word' id='word_1_46' title='bbox 549 913 795 1004; x_wconf 79' lang='grc' dir='ltr'><em>πεφημισμένῳ.</em></span> <span class='ocrx_word' id='word_1_47' title='bbox 839 911 879 980; x_wconf 86' lang='grc' dir='ltr'><em>τά</em></span> <span class='ocrx_word' id='word_1_48' title='bbox 903 914 966 1001; x_wconf 76' lang='grc' dir='ltr'><em>μὲν</em></span> <span class='ocrx_word' id='word_1_49' title='bbox 984 914 1026 1002; x_wconf 82' lang='grc' dir='ltr'><em>δὴ</em></span> <span class='ocrx_word' id='word_1_50' title='bbox 1035 905 1121 1002; x_wconf 74' lang='grc' dir='ltr'><em>Ὦρα</em></span> 
     </span>
     <span class='ocr_line' id='line_1_8' title="bbox 164 1013 1117 1105; baseline 0 -23"><span class='ocrx_word' id='word_1_51' title='bbox 164 1017 221 1084; x_wconf 83' lang='grc' dir='ltr'><em>καὶ</em></span> <span class='ocrx_word' id='word_1_52' title='bbox 247 1014 288 1082; x_wconf 82' lang='grc' dir='ltr'><em>τά</em></span> <span class='ocrx_word' id='word_1_53' title='bbox 307 1013 478 1100; x_wconf 79' lang='grc' dir='ltr'><em>Μάσσαγα</em></span> <span class='ocrx_word' id='word_1_54' title='bbox 504 1013 650 1100; x_wconf 83' lang='grc' dir='ltr'><em>φροῦρια</em></span> <span class='ocrx_word' id='word_1_55' title='bbox 677 1015 833 1099; x_wconf 82' lang='grc' dir='ltr'><em>ἐποίησεν</em></span> <span class='ocrx_word' id='word_1_56' title='bbox 860 1015 914 1082; x_wconf 84' lang='grc' dir='ltr'><em>ἐπὶ</em></span> <span class='ocrx_word' id='word_1_57' title='bbox 939 1017 980 1102; x_wconf 73' lang='grc' dir='ltr'><em>τῇ</em></span> <span class='ocrx_word' id='word_1_58' title='bbox 1008 1013 1117 1105; x_wconf 78' lang='grc' dir='ltr'><em>χῶμα·</em></span> 
     </span>
     <span class='ocr_line' id='line_1_9' title="bbox 164 1113 1154 1204; baseline -0.004 -19"><span class='ocrx_word' id='word_1_59' title='bbox 164 1116 205 1185; x_wconf 86' lang='grc' dir='ltr'><em>τά</em></span> <span class='ocrx_word' id='word_1_60' title='bbox 224 1115 346 1204; x_wconf 80' lang='grc' dir='ltr'><em>Βάζιρα</em></span> <span class='ocrx_word' id='word_1_61' title='bbox 364 1115 402 1184; x_wconf 73' lang='grc' dir='ltr'><em>δὲ</em></span> <span class='ocrx_word' id='word_1_62' title='bbox 420 1113 518 1183; x_wconf 89' lang='grc' dir='ltr'><em>πόλιν</em></span> <span class='ocrx_word' id='word_1_63' title='bbox 536 1115 715 1200; x_wconf 78' lang='grc' dir='ltr'><em>ἐξετείχισε.</em></span> <span class='ocrx_word' id='word_1_64' title='bbox 762 1115 819 1182; x_wconf 83' lang='grc' dir='ltr'><em>καὶ</em></span> <span class='ocrx_word' id='word_1_65' title='bbox 844 1117 880 1182; x_wconf 87' lang='grc' dir='ltr'><em>οί</em></span> <span class='ocrx_word' id='word_1_66' title='bbox 899 1113 986 1202; x_wconf 78' lang='grc' dir='ltr'><em>ἀμφὶ</em></span> <span class='ocrx_word' id='word_1_67' title='bbox 1000 1114 1154 1203; x_wconf 68' lang='grc' dir='ltr'><em>Ἡφαι-ιι</em></span> 
     </span>
     <span class='ocr_line' id='line_1_10' title="bbox 167 1213 1121 1306; baseline -0.001 -20"><span class='ocrx_word' id='word_1_68' title='bbox 167 1216 293 1286; x_wconf 87' lang='grc' dir='ltr'><em>στίωνά</em></span> <span class='ocrx_word' id='word_1_69' title='bbox 314 1216 419 1284; x_wconf 80' lang='grc' dir='ltr'><em>τεκαὶ</em></span> <span class='ocrx_word' id='word_1_70' title='bbox 433 1219 627 1302; x_wconf 77' lang='grc' dir='ltr'><em>Περδίκκαν</em></span> <span class='ocrx_word' id='word_1_71' title='bbox 641 1213 734 1306; x_wconf 79' lang='grc' dir='ltr'><em>αὐτῶ</em></span> <span class='ocrx_word' id='word_1_72' title='bbox 749 1213 853 1301; x_wconf 85' lang='grc' dir='ltr'><em>άλλην</em></span> <span class='ocrx_word' id='word_1_73' title='bbox 868 1215 967 1284; x_wconf 90' lang='grc' dir='ltr'><em>πόλιν</em></span> <span class='ocrx_word' id='word_1_74' title='bbox 982 1218 1121 1304; x_wconf 82' lang='grc' dir='ltr'><em>ἐκτειχί-</em></span> 
     </span>
     <span class='ocr_line' id='line_1_11' title="bbox 128 1306 1121 1406; baseline 0 -22"><span class='ocrx_word' id='word_1_75' title='bbox 128 1346 153 1386; x_wconf 88' lang='grc' dir='ltr'><em>ιο</em></span> <span class='ocrx_word' id='word_1_76' title='bbox 167 1339 302 1402; x_wconf 81' lang='grc' dir='ltr'><em>σαντες,</em></span> <span class='ocrx_word' id='word_1_77' title='bbox 324 1315 497 1405; x_wconf 79' lang='grc' dir='ltr'><em>Ὀροβάτις</em></span> <span class='ocrx_word' id='word_1_78' title='bbox 515 1313 621 1403; x_wconf 87' lang='grc' dir='ltr'><em>ὄνομα</em></span> <span class='ocrx_word' id='word_1_79' title='bbox 637 1320 678 1404; x_wconf 79' lang='grc' dir='ltr'><em>τῇ</em></span> <span class='ocrx_word' id='word_1_80' title='bbox 700 1315 794 1384; x_wconf 90' lang='grc' dir='ltr'><em>πόλει</em></span> <span class='ocrx_word' id='word_1_81' title='bbox 810 1306 866 1402; x_wconf 79' lang='grc' dir='ltr'><em>ἦν,</em></span> <span class='ocrx_word' id='word_1_82' title='bbox 891 1317 947 1384; x_wconf 83' lang='grc' dir='ltr'><em>καὶ</em></span> <span class='ocrx_word' id='word_1_83' title='bbox 966 1319 1121 1406; x_wconf 84' lang='grc' dir='ltr'><em>φρουράν</em></span> 
     </span>
     <span class='ocr_line' id='line_1_12' title="bbox 165 1413 1121 1506; baseline 0.001 -20"><span class='ocrx_word' id='word_1_84' title='bbox 165 1417 414 1503; x_wconf 78' lang='grc' dir='ltr'><em>καταλιπόντες,</em></span> <span class='ocrx_word' id='word_1_85' title='bbox 433 1415 478 1496; x_wconf 86' lang='grc' dir='ltr'><em>ῶς</em></span> <span class='ocrx_word' id='word_1_86' title='bbox 497 1419 552 1486; x_wconf 83' lang='grc' dir='ltr'><em>ἐπὶ</em></span> <span class='ocrx_word' id='word_1_87' title='bbox 569 1416 629 1484; x_wconf 86' lang='grc' dir='ltr'><em>τόν</em></span> <span class='ocrx_word' id='word_1_88' title='bbox 643 1416 752 1487; x_wconf 84' lang='grc' dir='ltr'><em>Ἰνδόν</em></span> <span class='ocrx_word' id='word_1_89' title='bbox 769 1416 918 1503; x_wconf 87' lang='grc' dir='ltr'><em>ποταμὸν</em></span> <span class='ocrx_word' id='word_1_90' title='bbox 936 1413 1055 1506; x_wconf 76' lang='grc' dir='ltr'><em>ᾔεσαν·</em></span> <span class='ocrx_word' id='word_1_91' title='bbox 1076 1416 1121 1498; x_wconf 88' lang='grc' dir='ltr'><em>ῶς</em></span> 
     </span>
     <span class='ocr_line' id='line_1_13' title="bbox 166 1515 1121 1605; baseline 0 -19"><span class='ocrx_word' id='word_1_92' title='bbox 166 1519 204 1586; x_wconf 73' lang='grc' dir='ltr'><em>δὲ</em></span> <span class='ocrx_word' id='word_1_93' title='bbox 230 1516 405 1604; x_wconf 77' lang='grc' dir='ltr'><em>ἀφίκοντο,</em></span> <span class='ocrx_word' id='word_1_94' title='bbox 433 1524 600 1604; x_wconf 80' lang='grc' dir='ltr'><em>ἔπρασσον</em></span> <span class='ocrx_word' id='word_1_95' title='bbox 625 1515 691 1605; x_wconf 83' lang='grc' dir='ltr'><em>ἤδη</em></span> <span class='ocrx_word' id='word_1_96' title='bbox 717 1515 779 1586; x_wconf 82' lang='grc' dir='ltr'><em>ὅσα</em></span> <span class='ocrx_word' id='word_1_97' title='bbox 807 1519 839 1597; x_wconf 83' lang='grc' dir='ltr'><em>ἐς</em></span> <span class='ocrx_word' id='word_1_98' title='bbox 865 1517 903 1586; x_wconf 85' lang='grc' dir='ltr'><em>τὸ</em></span> <span class='ocrx_word' id='word_1_99' title='bbox 929 1520 1036 1601; x_wconf 80' lang='grc' dir='ltr'><em>ζεῦξαι</em></span> <span class='ocrx_word' id='word_1_100' title='bbox 1060 1517 1121 1587; x_wconf 91' lang='grc' dir='ltr'><em>τδν</em></span> 
     </span>
     <span class='ocr_line' id='line_1_14' title="bbox 163 1616 796 1705; baseline -0.003 -17"><span class='ocrx_word' id='word_1_101' title='bbox 163 1617 271 1688; x_wconf 85' lang='grc' dir='ltr'><em>Ἰνδὸν</em></span> <span class='ocrx_word' id='word_1_102' title='bbox 295 1616 364 1686; x_wconf 86' lang='grc' dir='ltr'><em>όπδ</em></span> <span class='ocrx_word' id='word_1_103' title='bbox 387 1617 608 1705; x_wconf 78' lang='grc' dir='ltr'><em>Ἀλεξάνδρου</em></span> <span class='ocrx_word' id='word_1_104' title='bbox 636 1619 796 1686; x_wconf 81' lang='grc' dir='ltr'><em>ἐτέτακτο.</em></span> 
     </span>
     <span class='ocr_line' id='line_1_15' title="bbox 240 1717 1154 1806; baseline -0.005 -19"><span class='ocrx_word' id='word_1_105' title='bbox 240 1717 456 1806; x_wconf 88' lang='grc' dir='ltr'><em>Ἀλέξανδρος</em></span> <span class='ocrx_word' id='word_1_106' title='bbox 474 1718 512 1787; x_wconf 73' lang='grc' dir='ltr'><em>δὲ</em></span> <span class='ocrx_word' id='word_1_107' title='bbox 528 1721 588 1805; x_wconf 79' lang='grc' dir='ltr'><em>τῆς</em></span> <span class='ocrx_word' id='word_1_108' title='bbox 604 1717 667 1805; x_wconf 71' lang='grc' dir='ltr'><em>μὲν</em></span> <span class='ocrx_word' id='word_1_109' title='bbox 684 1718 794 1806; x_wconf 84' lang='grc' dir='ltr'><em>χῶρας</em></span> <span class='ocrx_word' id='word_1_110' title='bbox 811 1721 869 1806; x_wconf 76' lang='grc' dir='ltr'><em>τῆς</em></span> <span class='ocrx_word' id='word_1_111' title='bbox 888 1721 944 1788; x_wconf 82' lang='grc' dir='ltr'><em>ἐπὶ</em></span> <span class='ocrx_word' id='word_1_112' title='bbox 961 1719 1040 1789; x_wconf 91' lang='grc' dir='ltr'><em>τάδε</em></span> <span class='ocrx_word' id='word_1_113' title='bbox 1059 1723 1119 1789; x_wconf 91' lang='grc' dir='ltr'><em>τοῦ</em></span> <span class='ocrx_word' id='word_1_114' title='bbox 1139 1735 1154 1782; x_wconf 82' lang='grc' dir='ltr'><em>ε</em></span> 
     </span>
     <span class='ocr_line' id='line_1_16' title="bbox 129 1819 1121 1910; baseline -0.001 -21"><span class='ocrx_word' id='word_1_115' title='bbox 129 1854 154 1894; x_wconf 78' lang='grc' dir='ltr'><em>ιε</em></span> <span class='ocrx_word' id='word_1_116' title='bbox 163 1819 274 1889; x_wconf 83' lang='grc' dir='ltr'><em>Ἰνδοῦ</em></span> <span class='ocrx_word' id='word_1_117' title='bbox 296 1823 447 1906; x_wconf 81' lang='grc' dir='ltr'><em>ποταμοῦ</em></span> <span class='ocrx_word' id='word_1_118' title='bbox 473 1820 645 1907; x_wconf 81' lang='grc' dir='ltr'><em>σατράπην</em></span> <span class='ocrx_word' id='word_1_119' title='bbox 668 1821 844 1908; x_wconf 89' lang='grc' dir='ltr'><em>κατέστησε</em></span> <span class='ocrx_word' id='word_1_120' title='bbox 863 1821 1035 1910; x_wconf 91' lang='grc' dir='ltr'><em>Νικάνορα</em></span> <span class='ocrx_word' id='word_1_121' title='bbox 1052 1825 1121 1890; x_wconf 89' lang='grc' dir='ltr'><em>τῶν</em></span> 
     </span>
     <span class='ocr_line' id='line_1_17' title="bbox 169 1916 1121 2010; baseline 0.001 -21"><span class='ocrx_word' id='word_1_122' title='bbox 169 1923 320 2010; x_wconf 80' lang='grc' dir='ltr'><em>ἑταίρων.</em></span> <span class='ocrx_word' id='word_1_123' title='bbox 354 1919 457 2000; x_wconf 85' lang='grc' dir='ltr'><em>αῦτδς</em></span> <span class='ocrx_word' id='word_1_124' title='bbox 475 1920 513 1989; x_wconf 77' lang='grc' dir='ltr'><em>δὲ</em></span> <span class='ocrx_word' id='word_1_125' title='bbox 531 1919 572 1988; x_wconf 86' lang='grc' dir='ltr'><em>τά</em></span> <span class='ocrx_word' id='word_1_126' title='bbox 589 1920 651 2008; x_wconf 73' lang='grc' dir='ltr'><em>μέν</em></span> <span class='ocrx_word' id='word_1_127' title='bbox 669 1925 784 2008; x_wconf 85' lang='grc' dir='ltr'><em>πρῶτα</em></span> <span class='ocrx_word' id='word_1_128' title='bbox 803 1916 848 2002; x_wconf 85' lang='grc' dir='ltr'><em>ῶς</em></span> <span class='ocrx_word' id='word_1_129' title='bbox 867 1923 922 1990; x_wconf 86' lang='grc' dir='ltr'><em>έπί</em></span> <span class='ocrx_word' id='word_1_130' title='bbox 939 1922 999 1990; x_wconf 87' lang='grc' dir='ltr'><em>τὸν</em></span> <span class='ocrx_word' id='word_1_131' title='bbox 1014 1921 1121 1992; x_wconf 87' lang='grc' dir='ltr'><em>Ἰνδὸν</em></span> 
     </span>
     <span class='ocr_line' id='line_1_18' title="bbox 167 2013 1121 2109; baseline -0.002 -17"><span class='ocrx_word' id='word_1_132' title='bbox 167 2021 318 2107; x_wconf 84' lang='grc' dir='ltr'><em>ποταμόν</em></span> <span class='ocrx_word' id='word_1_133' title='bbox 343 2013 416 2108; x_wconf 81' lang='grc' dir='ltr'><em>ἦγε,</em></span> <span class='ocrx_word' id='word_1_134' title='bbox 441 2024 499 2092; x_wconf 83' lang='grc' dir='ltr'><em>καὶ</em></span> <span class='ocrx_word' id='word_1_135' title='bbox 524 2022 622 2090; x_wconf 91' lang='grc' dir='ltr'><em>πόλιν</em></span> <span class='ocrx_word' id='word_1_136' title='bbox 639 2048 674 2090; x_wconf 88' lang='grc' dir='ltr'><em>τε</em></span> <span class='ocrx_word' id='word_1_137' title='bbox 692 2027 926 2092; x_wconf 76' lang='grc' dir='ltr'><em>Πευκελαῶτιν</em></span> <span class='ocrx_word' id='word_1_138' title='bbox 945 2021 985 2091; x_wconf 85' lang='grc' dir='ltr'><em>οῦ</em></span> <span class='ocrx_word' id='word_1_139' title='bbox 1006 2023 1121 2109; x_wconf 85' lang='grc' dir='ltr'><em>πόρρω</em></span> 
     </span>
     <span class='ocr_line' id='line_1_19' title="bbox 166 2120 1122 2214; baseline -0.001 -23"><span class='ocrx_word' id='word_1_140' title='bbox 166 2128 228 2191; x_wconf 87' lang='grc' dir='ltr'><em>τοῦ</em></span> <span class='ocrx_word' id='word_1_141' title='bbox 245 2121 353 2191; x_wconf 87' lang='grc' dir='ltr'><em>Ἰνδοῦ</em></span> <span class='ocrx_word' id='word_1_142' title='bbox 375 2122 560 2214; x_wconf 72' lang='grc' dir='ltr'><em>ᾠκισμένην</em></span> <span class='ocrx_word' id='word_1_143' title='bbox 584 2120 745 2212; x_wconf 82' lang='grc' dir='ltr'><em>ὁμολογίᾳ</em></span> <span class='ocrx_word' id='word_1_144' title='bbox 764 2123 992 2212; x_wconf 81' lang='grc' dir='ltr'><em>παρεστήσατο</em></span> <span class='ocrx_word' id='word_1_145' title='bbox 1009 2125 1066 2192; x_wconf 79' lang='grc' dir='ltr'><em>καὶ</em></span> <span class='ocrx_word' id='word_1_146' title='bbox 1085 2126 1122 2191; x_wconf 85' lang='grc' dir='ltr'><em>έν</em></span> 
     </span>
     <span class='ocr_line' id='line_1_20' title="bbox 168 2222 1122 2312; baseline -0.003 -21"><span class='ocrx_word' id='word_1_147' title='bbox 168 2222 255 2310; x_wconf 77' lang='grc' dir='ltr'><em>αὐτῇ</em></span> <span class='ocrx_word' id='word_1_148' title='bbox 290 2223 446 2312; x_wconf 86' lang='grc' dir='ltr'><em>φρουράν</em></span> <span class='ocrx_word' id='word_1_149' title='bbox 478 2223 685 2311; x_wconf 82' lang='grc' dir='ltr'><em>καταστήσας</em></span> <span class='ocrx_word' id='word_1_150' title='bbox 722 2226 791 2291; x_wconf 89' lang='grc' dir='ltr'><em>τῶν</em></span> <span class='ocrx_word' id='word_1_151' title='bbox 823 2223 1035 2292; x_wconf 87' lang='grc' dir='ltr'><em>Μακεδόνων</em></span> <span class='ocrx_word' id='word_1_152' title='bbox 1066 2224 1122 2290; x_wconf 84' lang='grc' dir='ltr'><em>καὶ</em></span> 
     </span>
     <span class='ocr_line' id='line_1_21' title="bbox 128 2321 1122 2414; baseline -0.006 -16"><span class='ocrx_word' id='word_1_153' title='bbox 128 2357 156 2398; x_wconf 85' lang='grc' dir='ltr'><em>ιω</em></span> <span class='ocrx_word' id='word_1_154' title='bbox 170 2331 339 2393; x_wconf 89' lang='grc' dir='ltr'><em>Φίλιππον</em></span> <span class='ocrx_word' id='word_1_155' title='bbox 364 2327 419 2392; x_wconf 82' lang='grc' dir='ltr'><em>ἐπὶ</em></span> <span class='ocrx_word' id='word_1_156' title='bbox 442 2328 483 2412; x_wconf 74' lang='grc' dir='ltr'><em>τῇ</em></span> <span class='ocrx_word' id='word_1_157' title='bbox 507 2329 643 2414; x_wconf 78' lang='grc' dir='ltr'><em>φρουρᾷ</em></span> <span class='ocrx_word' id='word_1_158' title='bbox 668 2321 833 2412; x_wconf 79' lang='grc' dir='ltr'><em>ἡγεμόνα,</em></span> <span class='ocrx_word' id='word_1_159' title='bbox 860 2323 877 2392; x_wconf 89' lang='grc' dir='ltr'>ὁ</span> <span class='ocrx_word' id='word_1_160' title='bbox 902 2324 940 2394; x_wconf 67' lang='grc' dir='ltr'><em>δὲ</em></span> <span class='ocrx_word' id='word_1_161' title='bbox 964 2325 1018 2392; x_wconf 83' lang='grc' dir='ltr'><em>καὶ</em></span> <span class='ocrx_word' id='word_1_162' title='bbox 1037 2321 1122 2393; x_wconf 86' lang='grc' dir='ltr'><em>άλλα</em></span> 
     </span>
     <span class='ocr_line' id='line_1_22' title="bbox 168 2423 1121 2518; baseline 0.002 -25"><span class='ocrx_word' id='word_1_163' title='bbox 168 2425 398 2512; x_wconf 80' lang='grc' dir='ltr'><em>προσηγάγετο</em></span> <span class='ocrx_word' id='word_1_164' title='bbox 423 2424 523 2512; x_wconf 84' lang='grc' dir='ltr'><em>μικρά</em></span> <span class='ocrx_word' id='word_1_165' title='bbox 549 2432 737 2511; x_wconf 88' lang='grc' dir='ltr'><em>πολίσματα</em></span> <span class='ocrx_word' id='word_1_166' title='bbox 765 2426 848 2512; x_wconf 86' lang='grc' dir='ltr'><em>πρὸς</em></span> <span class='ocrx_word' id='word_1_167' title='bbox 873 2429 920 2517; x_wconf 89' lang='grc' dir='ltr'><em>τῴ</em></span> <span class='ocrx_word' id='word_1_168' title='bbox 936 2423 1030 2518; x_wconf 86' lang='grc' dir='ltr'><em>Ἰνδῴ</em></span> <span class='ocrx_word' id='word_1_169' title='bbox 1057 2451 1121 2494; x_wconf 91' lang='grc' dir='ltr'><em>πο-</em></span> 
     </span>
     <span class='ocr_line' id='line_1_23' title="bbox 166 2520 1122 2617; baseline 0.003 -24"><span class='ocrx_word' id='word_1_170' title='bbox 166 2531 260 2616; x_wconf 83' lang='grc' dir='ltr'><em>ταμῴ</em></span> <span class='ocrx_word' id='word_1_171' title='bbox 289 2520 471 2616; x_wconf 83' lang='grc' dir='ltr'><em>ᾠκισμένα·</em></span> <span class='ocrx_word' id='word_1_172' title='bbox 499 2526 695 2604; x_wconf 83' lang='grc' dir='ltr'><em>ξυνείποντο</em></span> <span class='ocrx_word' id='word_1_173' title='bbox 722 2524 760 2592; x_wconf 74' lang='grc' dir='ltr'><em>δὲ</em></span> <span class='ocrx_word' id='word_1_174' title='bbox 786 2523 879 2617; x_wconf 85' lang='grc' dir='ltr'><em>αότῴ</em></span> <span class='ocrx_word' id='word_1_175' title='bbox 899 2527 1059 2614; x_wconf 78' lang='grc' dir='ltr'><em>Κωφαῖός</em></span> <span class='ocrx_word' id='word_1_176' title='bbox 1086 2553 1122 2596; x_wconf 87' lang='grc' dir='ltr'><em>τε</em></span> 
     </span>
     <span class='ocr_line' id='line_1_24' title="bbox 167 2624 1152 2715; baseline 0 -21"><span class='ocrx_word' id='word_1_177' title='bbox 167 2628 224 2694; x_wconf 83' lang='grc' dir='ltr'><em>καὶ</em></span> <span class='ocrx_word' id='word_1_178' title='bbox 239 2625 438 2712; x_wconf 82' lang='grc' dir='ltr'><em>Ἀσσαγέτης</em></span> <span class='ocrx_word' id='word_1_179' title='bbox 456 2631 492 2694; x_wconf 78' lang='lat' dir='ltr'><em>oc</em></span> <span class='ocrx_word' id='word_1_180' title='bbox 512 2624 659 2714; x_wconf 87' lang='grc' dir='ltr'><em>ῦπαρχοι</em></span> <span class='ocrx_word' id='word_1_181' title='bbox 681 2629 740 2711; x_wconf 79' lang='grc' dir='ltr'><em>τῆς</em></span> <span class='ocrx_word' id='word_1_182' title='bbox 762 2625 881 2715; x_wconf 85' lang='grc' dir='ltr'><em>χῶρας.</em></span> <span class='ocrx_word' id='word_1_183' title='bbox 921 2625 1120 2714; x_wconf 78' lang='grc' dir='ltr'><em>ἀφικόμενος</em></span> <span class='ocrx_word' id='word_1_184' title='bbox 1138 2647 1152 2694; x_wconf 77' lang='grc'><strong>7</strong></span> 
     </span>
     <span class='ocr_line' id='line_1_25' title="bbox 168 2723 1121 2814; baseline 0.001 -19"><span class='ocrx_word' id='word_1_185' title='bbox 168 2726 205 2796; x_wconf 71' lang='grc' dir='ltr'><em>δὲ</em></span> <span class='ocrx_word' id='word_1_186' title='bbox 225 2729 258 2806; x_wconf 82' lang='grc' dir='ltr'><em>ἐς</em></span> <span class='ocrx_word' id='word_1_187' title='bbox 272 2723 451 2814; x_wconf 79' lang='grc' dir='ltr'><em>Ἐμβόλιμα</em></span> <span class='ocrx_word' id='word_1_188' title='bbox 469 2727 579 2813; x_wconf 89' lang='grc' dir='ltr'><em>πόλιν,</em></span> <span class='ocrx_word' id='word_1_189' title='bbox 603 2723 623 2813; x_wconf 78' lang='grc' dir='ltr'>ἣ</span> <span class='ocrx_word' id='word_1_190' title='bbox 647 2725 813 2812; x_wconf 82' lang='grc' dir='ltr'><em>ξάνεγγυς</em></span> <span class='ocrx_word' id='word_1_191' title='bbox 837 2732 896 2812; x_wconf 84' lang='grc' dir='ltr'><em>τῆς</em></span> <span class='ocrx_word' id='word_1_192' title='bbox 915 2729 1037 2813; x_wconf 87' lang='grc' dir='ltr'><em>πέτρας</em></span> <span class='ocrx_word' id='word_1_193' title='bbox 1062 2733 1121 2814; x_wconf 79' lang='grc' dir='ltr'><em>τῆς</em></span> 
     </span>
     <span class='ocr_line' id='line_1_26' title="bbox 128 2826 1121 2918; baseline -0.003 -19"><span class='ocrx_word' id='word_1_194' title='bbox 128 2858 155 2899; x_wconf 81' lang='grc' dir='ltr'><em>ιε</em></span> <span class='ocrx_word' id='word_1_195' title='bbox 165 2826 304 2916; x_wconf 89' lang='grc' dir='ltr'><em>Ἀόρνου</em></span> <span class='ocrx_word' id='word_1_196' title='bbox 319 2826 447 2918; x_wconf 81' lang='grc' dir='ltr'><em>ᾠκεῖτο,</em></span> <span class='ocrx_word' id='word_1_197' title='bbox 462 2827 635 2914; x_wconf 87' lang='grc' dir='ltr'><em>Κράτερον</em></span> <span class='ocrx_word' id='word_1_198' title='bbox 647 2827 709 2914; x_wconf 78' lang='grc' dir='ltr'><em>μέν</em></span> <span class='ocrx_word' id='word_1_199' title='bbox 722 2826 785 2909; x_wconf 85' lang='grc' dir='ltr'><em>ξῦν</em></span> <span class='ocrx_word' id='word_1_200' title='bbox 797 2826 887 2915; x_wconf 86' lang='grc' dir='ltr'><em>μέρει</em></span> <span class='ocrx_word' id='word_1_201' title='bbox 901 2831 958 2914; x_wconf 78' lang='grc' dir='ltr'><em>τῆς</em></span> <span class='ocrx_word' id='word_1_202' title='bbox 969 2832 1121 2914; x_wconf 81' lang='grc' dir='ltr'><em>στρατιάς</em></span> 
     </span>
     <span class='ocr_line' id='line_1_27' title="bbox 168 2924 1121 3015; baseline 0.001 -18"><span class='ocrx_word' id='word_1_203' title='bbox 168 2934 356 2998; x_wconf 88' lang='grc' dir='ltr'><em>καταλείπει</em></span> <span class='ocrx_word' id='word_1_204' title='bbox 372 2924 492 3015; x_wconf 76' lang='grc' dir='ltr'><em>αὐτοῦ,</em></span> <span class='ocrx_word' id='word_1_205' title='bbox 515 2927 610 2998; x_wconf 83' lang='grc' dir='ltr'><em>σῖτόν</em></span> <span class='ocrx_word' id='word_1_206' title='bbox 626 2955 661 2996; x_wconf 87' lang='grc' dir='ltr'><em>τε</em></span> <span class='ocrx_word' id='word_1_207' title='bbox 675 2931 708 3006; x_wconf 86' lang='grc' dir='ltr'><em>ές</em></span> <span class='ocrx_word' id='word_1_208' title='bbox 723 2928 785 3014; x_wconf 80' lang='grc' dir='ltr'><em>τὴν</em></span> <span class='ocrx_word' id='word_1_209' title='bbox 799 2927 898 2996; x_wconf 88' lang='grc' dir='ltr'><em>πόλιν</em></span> <span class='ocrx_word' id='word_1_210' title='bbox 908 2926 951 3007; x_wconf 83' lang='grc' dir='ltr'><em>ῶς</em></span> <span class='ocrx_word' id='word_1_211' title='bbox 965 2937 1121 2998; x_wconf 83' lang='grc' dir='ltr'><em>πλεῖστον</em></span> 
     </span>
     <span class='ocr_line' id='line_1_28' title="bbox 168 3026 1121 3118; baseline 0 -20"><span class='ocrx_word' id='word_1_212' title='bbox 168 3029 325 3115; x_wconf 85' lang='grc' dir='ltr'><em>ξυνάγειν</em></span> <span class='ocrx_word' id='word_1_213' title='bbox 338 3032 395 3098; x_wconf 78' lang='grc' dir='ltr'><em>καὶ</em></span> <span class='ocrx_word' id='word_1_214' title='bbox 413 3027 475 3098; x_wconf 84' lang='grc' dir='ltr'><em>ὅσα</em></span> <span class='ocrx_word' id='word_1_215' title='bbox 488 3027 573 3098; x_wconf 82' lang='grc' dir='ltr'><em>άλλα</em></span> <span class='ocrx_word' id='word_1_216' title='bbox 594 3031 627 3108; x_wconf 89' lang='grc' dir='ltr'><em>ές</em></span> <span class='ocrx_word' id='word_1_217' title='bbox 646 3027 782 3117; x_wconf 89' lang='grc' dir='ltr'><em>χρόνιον</em></span> <span class='ocrx_word' id='word_1_218' title='bbox 796 3029 927 3118; x_wconf 80' lang='grc' dir='ltr'><em>τριβήν,</em></span> <span class='ocrx_word' id='word_1_219' title='bbox 947 3026 991 3110; x_wconf 86' lang='grc' dir='ltr'><em>ῶς</em></span> <span class='ocrx_word' id='word_1_220' title='bbox 1007 3032 1121 3098; x_wconf 84' lang='grc' dir='ltr'><em>ἐντεῦ-</em></span> 
     </span>
     <span class='ocr_line' id='line_1_29' title="bbox 167 3129 1121 3222; baseline 0.002 -24"><span class='ocrx_word' id='word_1_221' title='bbox 167 3141 230 3198; x_wconf 78' lang='grc' dir='ltr'><em>θεν</em></span> <span class='ocrx_word' id='word_1_222' title='bbox 248 3129 464 3219; x_wconf 87' lang='grc' dir='ltr'><em>ὁρμωμένους</em></span> <span class='ocrx_word' id='word_1_223' title='bbox 482 3131 561 3210; x_wconf 85' lang='grc' dir='ltr'><em>τοῦς</em></span> <span class='ocrx_word' id='word_1_224' title='bbox 580 3130 782 3210; x_wconf 86' lang='grc' dir='ltr'><em>Μακεδόνας</em></span> <span class='ocrx_word' id='word_1_225' title='bbox 803 3138 929 3222; x_wconf 79' lang='grc' dir='ltr'><em>χρονίῳ</em></span> <span class='ocrx_word' id='word_1_226' title='bbox 947 3138 1121 3220; x_wconf 81' lang='grc' dir='ltr'><em>πολιορκίᾳ</em></span> 
     </span>
     <span class='ocr_line' id='line_1_30' title="bbox 171 3231 1120 3320; baseline 0 -20"><span class='ocrx_word' id='word_1_227' title='bbox 171 3233 375 3319; x_wconf 78' lang='grc' dir='ltr'><em>ἐκτρυχῶσαι</em></span> <span class='ocrx_word' id='word_1_228' title='bbox 397 3232 478 3311; x_wconf 84' lang='grc' dir='ltr'><em>τοῦς</em></span> <span class='ocrx_word' id='word_1_229' title='bbox 502 3233 700 3317; x_wconf 88' lang='grc' dir='ltr'><em>κατέχοντας</em></span> <span class='ocrx_word' id='word_1_230' title='bbox 724 3231 786 3317; x_wconf 76' lang='grc' dir='ltr'><em>τὴν</em></span> <span class='ocrx_word' id='word_1_231' title='bbox 810 3232 952 3320; x_wconf 87' lang='grc' dir='ltr'><em>πέτραν,</em></span> <span class='ocrx_word' id='word_1_232' title='bbox 979 3239 1011 3302; x_wconf 88' lang='grc' dir='ltr'><em>εί</em></span> <span class='ocrx_word' id='word_1_233' title='bbox 1025 3231 1069 3320; x_wconf 80' lang='grc' dir='ltr'><em>μὴ</em></span> <span class='ocrx_word' id='word_1_234' title='bbox 1088 3234 1120 3312; x_wconf 80' lang='grc' dir='ltr'><em>ἐξ</em></span> 
     </span>
     <span class='ocr_line' id='line_1_31' title="bbox 130 3329 1154 3420; baseline -0.005 -20"><span class='ocrx_word' id='word_1_235' title='bbox 130 3373 156 3415; x_wconf 64' lang='grc' dir='ltr'><em>ω</em></span> <span class='ocrx_word' id='word_1_236' title='bbox 171 3332 296 3418; x_wconf 79' lang='grc' dir='ltr'><em>ἐφόδου</em></span> <span class='ocrx_word' id='word_1_237' title='bbox 316 3339 472 3420; x_wconf 76' lang='grc' dir='ltr'><em>ληφθείη.</em></span> <span class='ocrx_word' id='word_1_238' title='bbox 516 3330 620 3411; x_wconf 87' lang='grc' dir='ltr'><em>αῦτός</em></span> <span class='ocrx_word' id='word_1_239' title='bbox 646 3331 684 3401; x_wconf 76' lang='grc' dir='ltr'><em>δὲ</em></span> <span class='ocrx_word' id='word_1_240' title='bbox 710 3329 789 3411; x_wconf 88' lang='grc' dir='ltr'><em>τοῦς</em></span> <span class='ocrx_word' id='word_1_241' title='bbox 817 3333 953 3413; x_wconf 86' lang='grc' dir='ltr'><em>τοξότας</em></span> <span class='ocrx_word' id='word_1_242' title='bbox 980 3359 1014 3400; x_wconf 88' lang='grc' dir='ltr'><em>τε</em></span> <span class='ocrx_word' id='word_1_243' title='bbox 1035 3331 1154 3400; x_wconf 80' lang='grc' dir='ltr'><em>ἀνα-8</em></span> 
     </span>
     <span class='ocr_line' id='line_1_32' title="bbox 171 3430 1126 3521; baseline 0.006 -21"><span class='ocrx_word' id='word_1_244' title='bbox 171 3431 286 3521; x_wconf 80' lang='grc' dir='ltr'><em>λαβῶν</em></span> <span class='ocrx_word' id='word_1_245' title='bbox 320 3435 376 3500; x_wconf 81' lang='grc' dir='ltr'><em>καλ</em></span> <span class='ocrx_word' id='word_1_246' title='bbox 410 3431 491 3512; x_wconf 82' lang='grc' dir='ltr'><em>τοῦς</em></span> <span class='ocrx_word' id='word_1_247' title='bbox 515 3431 691 3520; x_wconf 83' lang='grc' dir='ltr'><em>Ἀγριᾶνας</em></span> <span class='ocrx_word' id='word_1_248' title='bbox 724 3433 781 3500; x_wconf 88' lang='grc' dir='ltr'><em>καὶ</em></span> <span class='ocrx_word' id='word_1_249' title='bbox 814 3433 876 3520; x_wconf 81' lang='grc' dir='ltr'><em>τὴν</em></span> <span class='ocrx_word' id='word_1_250' title='bbox 901 3430 1126 3506; x_wconf 71' lang='grc' dir='ltr'><em>Κοίνουτάξλν</em></span> 
     </span>
     <span class='ocr_line' id='line_1_33' title="bbox 166 3530 1121 3620; baseline -0.002 -19"><span class='ocrx_word' id='word_1_251' title='bbox 166 3532 223 3601; x_wconf 81' lang='grc' dir='ltr'><em>καὶ</em></span> <span class='ocrx_word' id='word_1_252' title='bbox 239 3530 304 3600; x_wconf 87' lang='grc' dir='ltr'><em>α’πὸ</em></span> <span class='ocrx_word' id='word_1_253' title='bbox 318 3538 377 3620; x_wconf 81' lang='grc' dir='ltr'><em>τῆς</em></span> <span class='ocrx_word' id='word_1_254' title='bbox 391 3531 493 3620; x_wconf 84' lang='grc' dir='ltr'><em>άλλης</em></span> <span class='ocrx_word' id='word_1_255' title='bbox 508 3533 681 3620; x_wconf 88' lang='grc' dir='ltr'><em>φάλαγγος</em></span> <span class='ocrx_word' id='word_1_256' title='bbox 698 3535 846 3616; x_wconf 85' lang='grc' dir='ltr'><em>ἐπιλέξας</em></span> <span class='ocrx_word' id='word_1_257' title='bbox 859 3532 938 3612; x_wconf 86' lang='grc' dir='ltr'><em>τοῦς</em></span> <span class='ocrx_word' id='word_1_258' title='bbox 951 3531 1121 3620; x_wconf 84' lang='grc' dir='ltr'><em>κουφοτά-</em></span> 
     </span>
     <span class='ocr_line' id='line_1_34' title="bbox 869 3643 919 3695; baseline 0.02 -1"><span class='ocrx_word' id='word_1_259' title='bbox 869 3643 919 3695; x_wconf 70' lang='lat'><em>13&#39;</em></span> 
     </span>
    </p>
   </div>
   <div class='ocr_carea' id='block_1_3' title="bbox 1328 369 1330 512">
    <p class='ocr_par' dir='ltr' id='par_1_3' title="bbox 1328 369 1330 524">
     <span class='ocr_line' id='line_1_35' title="bbox 1328 369 1330 512; baseline 0 6"><span class='ocrx_word' id='word_1_260' title='bbox 1328 369 1330 512; x_wconf 79' lang='grc' dir='ltr'><em>λ</em></span> 
     </span>
    </p>
   </div>
   <div class='ocr_carea' id='block_1_4' title="bbox 0 0 1346 3950">
    <p class='ocr_par' dir='ltr' id='par_1_4' title="bbox 0 0 1346 3950">
     <span class='ocr_line' id='line_1_36' title="bbox 0 0 1346 3950; baseline 0 0"><span class='ocrx_word' id='word_1_261' title='bbox 0 0 1346 3950; x_wconf 95' lang='lat' dir='ltr'><em> </em></span> 
     </span>
    </p>
   </div>
  </div>
 </body>
</html>
