2678 3950
222 230 286 296 254
570 226 823 286 ΔΛΕΞΑΝΔΡΟΤ

223 409 357 479 πρασαυ
374 391 431 458 καὶ
451 391 487 458 έν
505 383 624 469 αύταλς
644 386 1012 475 ἐγκαταλαμβανόμενοι
1029 385 1187 477 άπέθνη-

224 514 318 578 σκον,
337 494 371 560 ol
386 490 504 559 πολλοὶ
522 489 560 560 δὲ
578 489 759 578 μαχόμενοι
785 486 908 558 αύτιόν.
953 486 1128 558 ἀπέθανον
1147 490 1189 559 δὲ

224 596 258 662 οἱ
271 591 392 672 πάντες
407 593 439 671 ές
453 598 752 678 πεντακισχιλίους,
773 595 892 674 ζῶντες
907 588 945 659 δὲ
958 587 1003 658 δι’
1021 585 1188 680 ἀνδρείαν

224 691 330 780 ὀλίγοι
358 691 563 780 ἐλήφθησαν.

188 799 207 864 8
299 801 432 872 Μείνας
459 792 497 862 δὲ
523 790 629 862 αὐτοῦ
655 800 737 880 μίαν
763 789 892 879 ἡμέραν
909 791 965 860 καὶ
984 790 1215 872 άναπαύσαςε

224 893 286 982 τὴν
304 892 461 983 στρατιάν
486 898 528 983 τῇ
554 887 717 984 ὑστεραίᾳ
742 891 933 983 προάχοόρει
960 890 1006 973 ιδς
1033 894 1088 962 ἐπὶ
1104 892 1186 972 τούς

224 993 350 1076 ἄλλους
368 993 541 1074 Μαλλούς.
581 993 716 1074 καὶτὰς
742 993 804 1083 μέν
822 993 933 1072 πόλεις
953 994 1186 1074 ἐκλελοιπότας

224 1094 481 1184 καταλαμβάνει,
499 1094 625 1176 αύτούς
642 1094 679 1164 δδ
694 1101 819 1184 ἔμαθεν
833 1093 885 1162 ὄτι
898 1093 1104 1182 πεφευγότες
1116 1093 1185 1163 εἷεν

190 1200 259 1277 θές
290 1196 351 1284 τὴν
389 1203 519 1285 ἔρημον.
563 1197 620 1265 καλ
648 1199 797 1266 ἐνταῦθα
824 1187 923 1275 αὖθις
949 1202 1032 1283 μίαν
1056 1195 1185 1282 ἡμέραν

224 1296 422 1378 ἀναπαύσας
448 1296 509 1384 τὴν
527 1295 685 1385 στρατιάν
704 1300 736 1376 ές
754 1295 816 1384 τὴν
834 1299 995 1365 ἐπιοῦσαν
1022 1304 1184 1366 Πείθωνα
1201 1333 1229 1372 10

223 1399 286 1488 μέν
312 1399 369 1467 καὶ
387 1397 580 1487 Δημήτριον
606 1395 666 1466 τόν
694 1395 863 1486 ἱππάρχην
890 1400 974 1486 πρδς
999 1395 1061 1465 τόν
1078 1422 1185 1466 ποτα·

223 1499 288 1588 μόν
309 1495 416 1569 ὄπίσοι
438 1496 635 1585 ἀπέπεμψεν
659 1488 708 1566 ὧν
721 1525 756 1567 τε
771 1496 868 1566 αύτοὶ
880 1495 1026 1584 ἡγοῦντο
1041 1497 1186 1584 ὄγοντας

224 1601 280 1670 καὶ
293 1599 377 1691 πρός
389 1599 517 1679 τούτοις
532 1601 640 1680 ψιλῶν
653 1598 758 1680 τάξεις
769 1597 851 1678 δούς
861 1593 976 1679 αύτολς
987 1596 1061 1666 ὅσαι
1071 1600 1186 1668 ἱκαναί

190 1699 308 1791 επρδς
325 1700 362 1770 τδ
392 1707 500 1788 ἔργον.
553 1699 733 1786 προσέταξε
759 1698 796 1770 δέ
822 1695 911 1788 παρά
938 1705 981 1787 τῇ
1008 1697 1096 1789 ὄχθη
1122 1703 1185 1768 τού

224 1807 375 1890 ποταμοῦ
405 1799 530 1888 ἰόντας,
558 1811 591 1870 εί
611 1823 675 1870 τισι
692 1801 963 1890 περιτυγχάνοιεν
988 1803 1056 1869 τῶν
1076 1803 1108 1881 ἐς
1125 1801 1186 1881 τὰς
1200 1836 1227 1877 ιε

224 1903 309 1982 ὕλας
337 1901 633 1989 ξυμπεφευγότων,
661 1908 701 1971 αδ
724 1900 765 1988 δὴ
793 1901 913 1970 πολλαὶ
931 1899 1017 1988 πρός
1034 1907 1077 1989 τῇ
1096 1899 1185 1992 ὄχθη

224 2006 286 2072 τού
299 2006 449 2090 ποταμοῦ
467 1993 565 2090 ἡσαν,
590 2001 731 2082 τούτους
754 2009 908 2088 κτείνειν,
935 2001 1008 2072 ὅσοι
1033 2001 1078 2091 μὴ
1105 2005 1186 2071 ἐθε-

225 2102 340 2172 λονταὶ
366 2108 454 2190 σφᾶς
482 2105 654 2172 ἐνδιδοῖεν.
694 2104 752 2172 καὶ
777 2103 922 2183 πολλούς
939 2103 1186 2191 καταλαβόντες

226 2206 262 2273 έν
287 2217 360 2284 ταῖς
385 2203 482 2284 ύλαις
508 2208 544 2272 οἱ
567 2200 653 2292 άμφὶ
672 2203 834 2274 Πείθωνά
860 2231 895 2272 τε
919 2204 975 2272 καὶ
993 2203 1186 2294 Δημήτριον

224 2304 433 2375 ἀπέκτειναν.
1196 2341 1224 2382 ιο

189 2431 207 2480 4
300 2403 414 2487 Αύτδς
440 2405 478 2475 δδ
504 2397 585 2495 ἡγεν
612 2405 667 2475 ἐπὶ
690 2403 752 2492 τὴν
769 2411 928 2494 μεγίστην
945 2411 1013 2475 τῶν
1031 2411 1186 2478 Μαλλῶν

224 2507 333 2595 πόλιν,
361 2512 418 2577 ίυα
444 2508 501 2576 καὶ
520 2512 556 2577 έκ
574 2513 642 2576 τῶν
660 2505 771 2576 ἄλλων
785 2507 917 2576 πόλεων
934 2506 1081 2588 πολλούς
1099 2511 1184 2596 ξυμ-

224 2609 430 2696 πεφευγέναι
463 2606 556 2698 αύτῷ
591 2609 813 2695 ἐξηγγέλλετο.
866 2606 952 2676 άλλά
978 2609 1033 2677 καὶ
1058 2609 1186 2698 ταύτην

226 2711 374 2790 ἐξέλιπον
400 2714 436 2777 ολ
448 2706 548 2778 Ἰνδοὶ
569 2709 615 2788 άς
634 2708 846 2794 προσάγοντα
861 2706 1083 2798 Ἀλέξανδρον
1103 2715 1185 2796 ἔμα-

224 2819 308 2878 θον·
343 2808 516 2897 διαβάντες
534 2808 572 2878 δδ
588 2810 649 2877 τόν
664 2809 853 2896 Ὑδραώτην
870 2810 1020 2898 ποταμὸν
1040 2809 1094 2878 ἐπὶ
1110 2825 1184 2890 ταῖς
1198 2844 1224 2886 τε

226 2907 344 2996 ὄχθαις
370 2909 495 2996 αύτού,
531 2908 581 2978 ὄτι
606 2907 734 2997 ὑψηλαὶ
761 2914 798 2978 αλ
822 2905 922 2997 ὄχθαι
946 2902 1046 2998 ἡσαν,
1072 2936 1185 2998 παρα-

225 3011 417 3098 τεταγμένοι
444 3014 580 3098 έμενου,
609 3003 654 3090 ὥς
681 3010 844 3099 είρξοντες
870 3013 930 3080 τού
958 3009 1066 3100 πόρον
1089 3009 1186 3084 Ἀλέ-

191 3114 380 3202 εξανδρον.
433 3111 489 3180 καὶ
521 3113 626 3180 ταῦτα
653 3109 697 3192 ὦς
723 3107 885 3200 ἤκουσεν,
917 3108 1097 3199 άναλαβιδν
1122 3112 1187 3201 τὴν

227 3217 332 3282 ἵππου
349 3210 409 3302 τὴν
428 3210 496 3302 ὄμα
513 3211 605 3306 αύτῷ
623 3218 735 3282 πᾶσαν
752 3211 807 3302 ᾔει
825 3210 870 3292 ὦς
890 3214 944 3282 ἐπὶ
961 3213 1022 3282 τόν
1036 3211 1184 3299 ‘Nouoi-

103 3381 105 3387 s
225 3341 298 3402 την,
325 3319 445 3402 λυαπερ
472 3315 719 3404 παρατετάχθαι
741 3313 821 3394 τούς
847 3313 1010 3394 Μαλλούς
1028 3311 1185 3402 έξηγγέλ-
1200 3347 1224 3389 τε

226 3423 315 3483 λετο·
356 3420 390 3485 ol
414 3415 453 3484 δέ
479 3416 566 3499 πεζοὶ
585 3419 725 3485 ἕπεσθαι
742 3414 833 3508 αὐτῷ
852 3409 1050 3504 ε’τάχθησαυ.
1084 3414 1128 3495 άς
1147 3413 1186 3485 δδ

225 3511 366 3604 ιἰφίκετό
391 3542 426 3584 τε
453 3511 506 3584 ἔπ’
537 3514 641 3586 αύτδν
667 3519 723 3586 καὶ
743 3513 779 3585 έν
797 3519 844 3610 τῷ
863 3517 970 3606 πέραν
988 3516 1066 3596 τούς
1084 3524 1187 3586 πολε-
