2664 3946
491 230 678 282 Αυεεεειε
696 234 720 293 3,
741 234 783 283 ιτ.
1054 229 1115 294 115

155 395 250 456 γυιος
277 365 296 436 δ
322 375 491 458 Λαρίχου·
522 370 653 438 τούτων
679 369 717 438 δέ
745 369 894 458 ἐχόμενοι
920 369 1048 451 οδςέπὶ
1074 371 1113 439 τό

156 470 335 557 εὐώνυμον
348 471 448 558 κέρας
462 475 498 539 οί
509 471 674 540 Θεσσαλοὶ
692 475 817 559 ίππεϊς,
835 463 883 540 ὦν
896 463 976 561 ἡρχε
990 481 1114 542 Φίλιπ-

156 597 219 652 πος
237 570 255 640 ὁ
274 571 464 641 Μενελάου.
496 571 631 659 ξύμπαν
644 572 682 642 δὲ
698 573 737 640 τὸ
752 571 931 661 εύοίνυμον
943 565 1002 660 ἡγε
1017 583 1115 661 Παρ-

155 671 317 760 μενίωνδ
339 671 493 759 Φιλύτα,
515 675 572 741 καὶ
590 671 675 760 ἄμφ’
701 672 808 743 αὐτόν
830 679 867 742 οί
887 677 955 742 τῶν
976 683 1114 764 Φαρσα-

129 783 240 844 ελίων
260 779 372 854 ίππεῐς
387 779 423 842 οδ
437 773 609 861 κράτιστοί
623 777 729 843 τεκαὶ
744 783 894 844 πλεῖστοι
909 778 968 864 τὴς
983 785 1113 846 Θεσσα-

157 878 249 962 λικὴς
268 880 375 945 ἵππου
395 875 651 963 ἀνεστρέφοντο,
1126 889 1164 954 12

228 977 271 1046 Ἡ
280 976 343 1065 μὲν
358 979 413 1046 ἐπὶ
427 977 582 1064 μετώπου
591 976 683 1056 τάξις
693 975 901 1069 Ἀλεξάνδρςο
916 967 981 1047 άδε
995 977 1114 1047 κεκόσ-

154 1097 254 1166 μητο·
282 1077 418 1158 ἐπέταξε
442 1077 480 1147 δέ
503 1080 560 1147 καὶ
585 1077 747 1166 δευτέραν
770 1079 863 1158 τάξιν
882 1077 927 1158 οδς
951 1078 1115 1166 εἶναιτὴν

156 1179 315 1267 φάλαγγα
332 1177 555 1268 άμφίστομον.
587 1181 644 1248 καὶ
663 1178 874 1267 παρήγγελτο
890 1195 961 1260 τοῖς
977 1179 1116 1268 ἡγεμόσι

119 1307 143 1347 ιο
157 1286 226 1349 τῶν
253 1271 538 1370 ἐπιτεταγμένων,
569 1288 601 1351 εί
625 1281 879 1370 κυκλουμένους
909 1280 991 1361 τοῦς
1017 1283 1115 1368 σφῶν

156 1380 225 1451 ύπδ
240 1385 301 1451 τοῦ
317 1385 485 1469 Περσικοῦ
505 1381 751 1472 στρατεύματος
764 1388 943 1470 κατίδοιεν,
963 1381 1111 1471 ἐπιστρέ-

158 1497 286 1563 ψαντας
306 1487 339 1562 ἐς
356 1485 394 1552 τό
414 1492 555 1572 ἔμπαλιν
573 1484 729 1570 δέχεσθαι
745 1485 826 1564 τοῦς
844 1482 1055 1573 βαρβάρους·
1081 1486 1113 1562 ἐς
1132 1502 1148 1549 ν

159 1585 348 1671 ἐπικαμπὴν
362 1584 419 1674 δέ,
437 1595 472 1654 εί
489 1611 555 1654 που
574 1585 703 1674 ἀνάγκη
722 1585 972 1674 καταλαμβάνοι
989 1581 1010 1670 ἡ
1028 1583 1114 1652 ἀνα·-

159 1681 309 1772 πτύξαιὴ
323 1687 515 1772 ξυγκλεῖσαι
526 1685 587 1774 τὴν
600 1687 772 1775 φάλαγγα,
783 1687 867 1755 κατά
879 1686 941 1774 μὲν
955 1685 993 1754 τδ
1006 1681 1115 1764 δεξιὸν

122 1786 260 1874 ιεκέρας
286 1787 436 1876 ἐχόμενοι
465 1790 522 1875 τὴς
547 1790 717 1875 βασιλικῆς
748 1797 820 1876 ίλης
842 1790 911 1856 τῶν
930 1786 1116 1875 Ἀγριάνων

160 1887 351 1976 ἐτάχθησαν
365 1894 401 1958 οί
415 1887 560 1976 ἡμίσεες,
580 1879 627 1956 ὧν
645 1887 757 1976 ἡγεῖτο
768 1888 942 1976 Ἀτταλος,
959 1890 1017 1958 καὶ
1034 1887 1115 1976 μετά

158 1989 290 2058 τούτων
315 1996 351 2058 οί
374 1989 572 2069 Μακεδόνες
595 1990 743 2078 τοξόται,
771 1981 819 2058 ὧν
842 1999 977 2078 Βρίσων
1002 1981 1116 2078 ἡρχεν,

160 2090 310 2178 ἐχόμενοι
327 2091 365 2160 δέ
378 2094 447 2159 των
460 2093 606 2172 τοξοτῶν
620 2096 657 2160 οί
667 2089 801 2180 άρχαῑοι
813 2091 1014 2178 καλούμενοι
1028 2093 1115 2172 ξένοι

158 2195 215 2261 καὶ
229 2189 342 2281 άρχων
355 2192 487 2262 τούτων
497 2194 701 2281 Κλέανδρος.
728 2192 982 2281 προετάχθησαν
996 2191 1033 2260 δέ
1046 2197 1113 2260 τῶν
1132 2209 1148 2256 3

121 2319 147 2360 ιο
160 2321 196 2362 τε
206 2292 392 2382 Ἀγριάνων
406 2295 463 2363 καὶ
476 2299 545 2362 τῶν
558 2296 702 2375 τοξοτῶν
717 2299 752 2362 οἵ
763 2322 798 2362 τε
808 2295 992 2383 πρόδρομοι
1002 2298 1115 2372 ίππεϊς

158 2397 215 2463 καὶ
234 2400 270 2464 οί
286 2385 525 2483 Παίονες,ὧν
545 2393 679 2483 Ἀρέτης
704 2397 761 2463 καὶ
774 2394 939 2483 Ἀρίστων
956 2393 1114 2481 ἡγοῦντο.

158 2495 362 2584 ξυμπάντων
386 2495 424 2565 δδ
450 2498 709 2584 προτεταγμένοι
739 2487 826 2582 ἡσαν
851 2501 888 2564 οί
913 2495 1115 2582 μισθοφόροι

160 2601 291 2682 ίππεῑς,
321 2589 370 2665 ὧν
394 2602 547 2676 Μενίδας
577 2588 664 2686 ἡρχε.
700 2601 760 2684 τὴς
787 2596 825 2665 δὲ
847 2599 1018 2684 βασιλικῆς
1042 2605 1114 2684 ίλης

157 2701 215 2766 καὶ
233 2701 302 2766 τῶν
320 2697 433 2768 άλλων
453 2701 595 2785 ἑταίρων
615 2699 873 2787 προτεταγμένοι
890 2689 975 2784 ἡσαν
993 2699 1062 2765 τῶν
1079 2724 1115 2766 τε

120 2824 146 2865 κε
156 2798 342 2886 Ἀγριάνων
360 2801 416 2868 καί
433 2798 578 2877 τοξοτῶν
596 2804 633 2868 οί
647 2797 791 2888 ἡμίσεες,
808 2801 866 2867 καὶ
884 2804 920 2868 οί
934 2799 1114 2888 Βαλάκρου

159 2899 365 2980 άκοντισταί·
393 2891 487 2970 οὗτοι
503 2901 587 2968 κατά
609 2901 649 2968 τά
668 2898 799 2989 ἅρματα
816 2899 856 2968 τά
875 2901 1115 2988 δρεπανηφόρα

160 3002 343 3088 ἐτετάχατο.
379 3006 515 3092 Μενίδᾳ
534 3000 572 3069 δέ
588 3003 646 3070 καὶ
662 3017 734 3080 τοῖς
752 2999 837 3088 ἄμφ’
858 3000 964 3070 αὐτόν
982 3002 1148 3088 παρὴγ-4

158 3111 273 3191 γελτο,
297 3110 329 3172 εἰ
346 3101 596 3192 περιϊππεύοιεν
613 3107 650 3172 οί
664 3104 815 3190 πολέμιοι
830 3101 868 3170 τδ
886 3103 986 3189 κέρας
1004 3106 1115 3191 σφων,

160 3207 193 3284 ἐς
218 3212 384 3290 πλαγίους
410 3203 585 3292 ἐμβάλλειν
612 3201 740 3282 αύτούς
768 3202 1029 3291 ἐπικάμψαντας.
1073 3203 1114 3272 τά

119 3332 145 3373 ιο
158 3305 220 3392 μὲν
246 3308 301 3375 ἐπὶ
326 3308 387 3374 τοῦ
408 3307 517 3388 δεξιοῦ
536 3306 640 3393 κέρως
658 3301 766 3384 οὕτως
785 3305 937 3374 ἐτέτακτο
957 3303 1113 3385 Ἀλεξάν-

158 3411 244 3497 δρῳ·
263 3406 347 3476 κατδι
366 3405 404 3476 δέ
420 3407 459 3476 τὸ
474 3404 654 3496 εύύνυμον
673 3409 707 3486 ἐς
723 3405 910 3496 ἐπικαμπὴν
924 3411 960 3478 οἵ
970 3433 1005 3478 τε
1019 3411 1108 3496 δρᾷ·

157 3533 212 3588 κες
232 3507 424 3596 ἐτετάχατο,
442 3497 491 3576 ὧν
508 3506 620 3596 ἡγεῖτο
639 3508 818 3596 Σιτάλκης,
834 3511 892 3578 καὶ
912 3509 966 3578 ἐπὶ
984 3507 1114 3587 τούτοις

927 3619 963 3671 8·
