2664 3946
247 238 308 304 142
616 238 869 296 ΑΔΕΞΑΝΔΡΟΤ

243 379 331 465 άμφὶ
354 376 523 466 Ἐρίγυιον
556 383 613 446 καί
644 383 806 466 Κάρανον
839 381 923 465 πρός
954 381 1204 466 Σατιβαρζάνην

244 482 402 567 καρτερά,
417 480 499 549 οὐδὲ
514 481 668 567 πρόσθεν
683 483 719 547 οί
737 482 905 567 βάρβαροι
926 483 1103 548 ἐνέκλιναν
1123 481 1204 566 πρὶν
1319 551 1322 562 ,

245 583 500 667 Σατιβαρζάνην
519 584 731 668 ξυμπεσόντα
743 581 897 671 Ἐριγυίῳ
914 582 1008 670 [πρὸς
1019 581 1202 670 Ἐριγυίου]

244 685 412 768 πληγέντα
450 683 568 768 δόρατι
611 685 646 761 ἐς
685 682 724 750 τό
774 685 958 767 πρόσωπον
1003 683 1201 750 άποθανεῑν.

243 785 320 851 τότε
357 785 395 852 δὲ
433 786 647 870 ἐγκλίναντες
685 786 721 850 οἱ
759 785 925 869 βάρβαροι
966 785 1229 870 προτροπάδηνε

246 889 404 969 ἔφευγον.

210 1002 227 1052 ι
325 985 380 1052 Ἐν
400 989 509 1074 τούτῳ
531 987 569 1054 δὲ
588 985 804 1073 Ἀλέξανδρος
830 987 915 1071 πρός
941 988 1000 1054 τὸν
1021 988 1205 1054 Καύκασον

243 1086 282 1154 τό
306 1086 386 1174 ὅρος
405 1082 505 1174 ἦγεν,
534 1090 592 1154 ίνα
612 1090 669 1155 καὶ
691 1089 791 1156 πόλιν
813 1093 923 1156 ἔκτισε
944 1091 1001 1155 καὶ
1029 1087 1204 1175 ω’νόμασεν

240 1187 505 1276 Ἀλεξάνδρειαν·
530 1190 586 1257 καί
606 1191 718 1268 θύσας
741 1189 889 1256 ἐνταῦθα
910 1201 979 1267 τοῖς
999 1199 1094 1268 θεοῖς
1112 1188 1204 1268 όσοις

242 1291 346 1377 νόμος
379 1291 469 1378 αύτῷ
504 1288 692 1376 ὑπερέβαλε
726 1289 764 1357 τό
801 1289 880 1376 όρος
914 1287 976 1356 τόν
1008 1291 1201 1374 Καύκασον,
1216 1317 1242 1356 ιο

244 1393 418 1480 σατράπην
446 1392 508 1478 μὲν
535 1397 576 1478 τῇ
604 1393 698 1479 χιόρρι
727 1393 881 1470 ἐπιτάξας
902 1393 1072 1477 Προέξην,
1095 1389 1203 1476 ἄνδρα

242 1497 394 1579 Πέρσην,
417 1499 487 1560 τόν
508 1493 546 1559 δέ
573 1494 715 1578 ἑταίρων
735 1493 939 1571 Νειλόξενον
961 1494 1022 1558 τόν
1043 1492 1203 1577 Σατύρου

245 1596 431 1662 ἐπίσκοπον
454 1592 516 1673 ξύν
537 1599 678 1678 στρατιᾷ
700 1591 885 1660 άπολιποόυ.

211 1711 227 1759 σ
332 1694 378 1761 Τό
411 1696 448 1762 δὲ
482 1693 561 1780 ὅρος
593 1692 612 1761 ὁ
643 1695 823 1772 Καύκασος
854 1692 987 1780 ὑψηλόν
1018 1697 1080 1781 μέν
1111 1695 1205 1761 ε’στιν

243 1793 355 1881 ὥσπερ
370 1820 403 1862 τι
424 1795 507 1862 ἄλλο
528 1800 588 1881 τῆς
606 1794 732 1878 Ἀσίας,
761 1794 806 1872 ύς
830 1797 919 1880 λέγει
938 1796 1201 1882 Ἀριστόβουλος,
1216 1821 1243 1859 ιι

243 1896 344 1978 ψιλόν
374 1897 412 1963 δέ
441 1894 530 1962 πολύ
558 1893 664 1962 αὐτοῦ
690 1897 732 1963 τό
757 1919 797 1979 γε
822 1899 938 1982 ταύτῃ.
981 1895 1112 1983 μακρόν
1137 1895 1201 1982 γάρ

244 1998 324 2082 ὄρος
345 1998 568 2081 παρατέταται
590 1996 608 2064 ὁ
628 1999 823 2079 Καύκασος,
845 1997 931 2065 εόστε
952 1996 1088 2065 καὶτὸν
1112 2003 1203 2065 Ταῦ-

243 2124 306 2183 ρον
326 2098 364 2164 τὸ
379 2097 477 2184 ὄρος,
495 2095 533 2176 ὂς
552 2097 594 2184 δὴ
613 2097 676 2184 τὴν
690 2102 847 2166 Κιλικίαν
867 2123 904 2165 τε
923 2103 979 2165 καί
993 2104 1203 2186 Παμφυλίαν

243 2199 406 2284 ἀπείργει,
422 2197 489 2266 άπὸ
504 2203 566 2264 τοῦ
582 2200 766 2265 Καυκάσου
782 2196 868 2266 εἶναι
883 2201 1019 2284 λέγουσι
1038 2207 1095 2268 καλ
1113 2202 1201 2266 ἄλλα

242 2299 304 2386 ὄρη
325 2301 468 2386 μεγάλα,
487 2297 552 2367 άπό
572 2305 635 2365 τοῦ
654 2299 839 2367 Καυκάσου
861 2302 1097 2387 διακεκριμένα
1114 2301 1200 2388 άλλη
1215 2327 1242 2369 ιο

208 2405 299 2470 οκαλ
326 2402 412 2488 άλλη
443 2404 618 2488 ἐπωνυμία
648 2399 732 2468 κατά
758 2397 827 2489 ἤθη
855 2401 895 2468 τά
923 2402 1082 2470 ἑκάστων.
1118 2402 1203 2468 άλλά

241 2508 280 2572 ἐν
300 2527 339 2588 γε
360 2505 469 2589 τούτῳ
491 2507 537 2590 τῷ
559 2503 728 2590 Καυκάσῳ
750 2500 853 2569 ούόέν
875 2501 958 2569 ἄλλο
981 2507 1033 2570 ὅτι
1057 2501 1102 2589 μη
1125 2505 1202 2589 τέρ-

241 2611 359 2690 μινθοι
392 2604 565 2687 πεφύκασι
594 2603 650 2669 καί
678 2607 831 2688 σίλφιον,
864 2601 910 2681 οἱς
938 2605 1028 2688 λέγει
1052 2604 1202 2687 Ἀριστό-

241 2708 381 2789 βουλος·
413 2703 499 2770 άλλά
521 2704 577 2770 καί
599 2701 646 2781 σός
668 2703 828 2792 ἐπῳκεῖτο
848 2710 986 2784 πολλοῖς
1007 2703 1202 2788 άυθροίποις

242 2808 299 2872 καλ
320 2807 473 2889 πρόβατα
499 2803 608 2870 πολλά
637 2805 694 2871 καὶ
723 2807 827 2890 κτήνη
857 2806 1032 2891 ἐνέμοντο,
1064 2805 1114 2874 ότι
1143 2807 1199 2872 καὶ
1213 2829 1240 2872 ιε

242 2910 398 2992 χαίρουσι
416 2911 462 2991 τῷ
484 2909 607 2992 σιλφίῳ
628 2905 669 2972 τά
690 2907 856 2991 πρόβατα,
879 2909 936 2974 καὶ
958 2910 989 2974 εί
1010 2911 1048 2976 ἐκ
1070 2911 1201 2975 πολλοῦ

242 3008 416 3092 πρόβατον
440 3012 579 3092 σιλφίου
604 3013 768 3090 αἴσθοιτο,
796 3009 852 3073 καὶ
876 3016 937 3080 θεῖ
961 3008 1015 3075 ἐπ’
1041 3008 1122 3076 αύτό
1143 3009 1199 3074 καλ

241 3109 281 3175 τό
309 3132 345 3174 τε
372 3107 479 3186 άυθος
508 3109 699 3194 ἐπινέμεται
726 3107 781 3174 καὶ
807 3103 870 3193 τὴν
896 3111 990 3194 ῥίζαν
1015 3109 1201 3197 άνορόττον

209 3209 300 3277 ικαὶ
328 3212 454 3292 ταύτην
483 3213 664 3275 κατεσθίει.
708 3207 762 3278 ἐπί
790 3209 876 3296 τῷδε
910 3209 948 3274 έν
980 3213 1118 3298 Κυρήνη
1155 3208 1202 3288 ὥς

242 3313 441 3396 μακροτάτω
464 3309 716 3378 ἀπελαύνουσιν
734 3311 794 3387 τάς
815 3315 957 3395 ποίμνας
977 3317 1046 3389 τοῖν
1067 3313 1200 3397 χωρίων
1213 3333 1241 3375 ιο
1318 3381 1319 3413 ρ

241 3413 299 3477 ἵνα
327 3409 442 3488 αύτοίς
468 3408 506 3476 τὸ
527 3415 664 3496 σίλφιον
685 3413 818 3496 φύεται.
842 3412 878 3475 οί
896 3410 933 3476 δέ
955 3411 1010 3476 καὶ
1032 3414 1199 3499 περιφρά-

242 3515 342 3579 σουσί
377 3534 436 3576 τον
464 3515 591 3598 χώραν,
629 3515 692 3578 τοῦ
725 3509 801 3596 μηδ’
835 3514 867 3576 εί
897 3515 1075 3578 πελάσειεν
1107 3511 1200 3599 αύτῷ
