2650 3948
212 245 256 314 32
568 240 820 304 εεεΞιειΔΡοε

212 388 402 478 ληψόμενον
415 394 640 476 Παρμενίωνα
653 387 826 474 ἐκπέμπει·
844 387 901 456 καλ
915 387 1175 478 παραλαμβάνει

215 490 410 566 Δασκύλιον
427 496 632 579 Παρμενίων
650 488 855 558 ἐκλιπόντων
872 494 941 559 τών
957 496 1131 580 φρουράν.

181 605 198 654 ³
291 588 405 672 Λότός
424 590 462 661 δὲ
480 591 535 660 ἐπὶ
550 589 712 678 Σάρδεων
725 587 931 679 προύχώρει·
950 592 1008 660 καὶ
1025 587 1174 680 άπίχον-

214 721 269 774 τος
283 691 390 762 αότοῦ
403 690 485 762 ὅσον
499 690 725 780 ἑβδομήκοντα
738 698 897 772 σταδίους
911 692 1075 780 Σάρδεων
1091 683 1175 782 ἧκον

215 791 297 884 παρ’
317 789 422 863 αὐτόν
440 803 613 880 Μιθρίνης
629 819 665 861 τε
682 786 701 862 ό
716 792 928 882 φρούραρχος
945 799 1005 881 τῆς
1023 791 1201 884 άκροπό-ιι
1306 812 1307 842 ¹

215 905 299 978 λεως
315 901 374 983 τῆς
388 897 426 964 ἐν
440 894 589 984 Σάρδεσι
601 894 658 962 καὶ
672 899 875 983 Σαρδιανῶν
889 898 925 964 οί
936 895 1175 984 δυνατώτατοι,

217 995 403 1076 ἐνδιδόντες
427 1000 462 1063 oc
483 995 545 1084 μὲν
569 993 633 1082 την
658 995 773 1081 πόλιν,
803 992 823 1064 ὁ
849 994 888 1065 δὲ
916 1003 1088 1084 Μνθρίνης
1113 996 1176 1084 τὴν
1307 1006 1308 1022 ’

181 1098 324 1188 λάκραν
347 1093 468 1166 καὶτὰ
495 1096 653 1186 χρήματα.
685 1093 899 1186 Ἀλέξανδρος
925 1096 964 1166 δέ
988 1095 1087 1178 αότός
1112 1099 1176 1187 μὲν

215 1204 580 1290 κατεστρατοπέδευσεν
604 1199 659 1267 ἐπὶ
681 1204 730 1292 τῷ
744 1198 856 1291 Ἕρμφ
874 1205 1027 1291 ποταμῷ·
1059 1197 1175 1288 άπέχει

216 1302 255 1372 δέ
280 1299 438 1391 ὁἝρμος
462 1299 528 1370 άπὸ
554 1299 718 1389 Σάρδεων
742 1305 899 1381 σταδίους
923 1295 1004 1369 ὅσον
1029 1311 1172 1371 είκοσιν·
1187 1327 1214 1370 ιο

211 1399 380 1492 Ἀμόνταν
397 1401 436 1471 δὲ
457 1400 518 1471 τόν
537 1398 780 1490 Ἀνδρομένους
803 1400 866 1488 την
889 1398 997 1491 ἄκραν
1021 1411 1174 1492 παραλη-

216 1505 366 1594 ψόμενον
384 1503 592 1591 ἐκπέμπειές
608 1501 770 1590 Σάρδεις·
788 1503 844 1571 καὶ
862 1510 1040 1592 Μνθρίυην
1056 1503 1119 1592 μὲν
1137 1507 1175 1574 ἐν

214 1611 294 1696 τιμῇ
318 1604 386 1694 άμα
410 1599 444 1672 ολ
464 1596 542 1691 ἦγε,
566 1601 780 1692 Σαρδιανοός
803 1602 842 1672 δὲ
863 1603 920 1672 καὶ
943 1601 1023 1685 τούς
1049 1603 1174 1686 ἄλλους

216 1705 355 1786 Λυδούς
380 1719 450 1784 τοῖς
473 1704 587 1793 νόμοις
608 1731 644 1774 τε
666 1719 735 1786 τολς
759 1704 861 1774 πάλαι
878 1709 1005 1776 Λυδών
1029 1711 1176 1798 χρῆσθαι

182 1818 200 1867 5
217 1814 320 1878 ἔδωκε
338 1806 395 1875 καὶ
413 1807 615 1896 ἐλευθέρους
633 1803 719 1876 εἶναι
741 1804 881 1894 άφῆκεν.
917 1803 1045 1894 άνῆλθε
1062 1807 1101 1877 δέ
1117 1808 1174 1877 καλ
1187 1832 1212 1875 ιι

217 1906 321 1989 αότός
339 1913 387 1987 είς
403 1905 466 1994 τὴν
483 1906 602 1996 άκραν,
620 1911 678 1977 ’ίνα
694 1906 732 1977 τό
754 1907 920 1996 φρούριον
936 1899 979 1996 ἦν
995 1914 1064 1977 τών
1081 1917 1174 1998 Περ-

216 2016 303 2082 σών·
338 2009 396 2077 καὶ
421 2010 536 2091 ἔδοξεν
559 2006 652 2102 αὐτῷ
678 2005 805 2096 ὀχυρόν
821 2008 859 2077 τό
876 2017 1018 2098 χωρίον·
1043 2008 1174 2099 ὑπερό-

216 2109 328 2200 φηλόν
351 2136 388 2180 τε
410 2108 475 2199 γάρ
499 2102 544 2198 ἦν
567 2111 624 2180 καὶ
650 2105 820 2197 άπότομον
843 2111 951 2198 πάντη
974 2111 1032 2180 καὶ
1048 2117 1174 2206 τριπλῷ

215 2221 315 2301 τείχει
333 2212 583 2301 πεφραγμένον·
608 2209 711 2291 αὐτὸς
735 2211 774 2280 δὲ
799 2212 855 2280 ἐπὶ
871 2216 915 2301 τῇ
933 2210 1020 2304 άκρᾳ
1037 2213 1122 2282 ναόν
1138 2239 1175 2283 τε

217 2318 436 2404 οἰκοδομῆσαι
473 2310 556 2393 Διός
589 2309 773 2400 Ὀλυμπίου
812 2313 940 2382 ἐπενόει
973 2315 1029 2383 καὶ
1059 2313 1175 2402 βωμόν
1189 2341 1216 2384 ιο

183 2415 432 2506 θίδρόσασθαι.
469 2419 651 2484 σκοποῦντι
681 2413 719 2482 δέ
749 2409 842 2507 αὐτῷ
871 2419 930 2502 τῆς
961 2412 1065 2505 ἄκρας
1090 2414 1174 2506 ὅπερ

218 2516 480 2606 ἐπιτηδειότατον
503 2522 627 2606 χωρίον
654 2513 724 2606 ώρρι
749 2520 844 2595 ἔτους
871 2517 1028 2604 ἐξαίφνης
1053 2515 1176 2606 χειμών

218 2621 422 2705 ἐπιγίγνεται
434 2618 490 2686 καὶ
503 2617 642 2705 βρονταὶ
651 2617 791 2705 σκληραὶ
799 2617 856 2685 καί
868 2615 963 2706 ὕδωρ
977 2620 1009 2700 ἐξ
1023 2615 1175 2706 οόρανοό

218 2727 330 2788 πίπτει
353 2710 397 2787 οὗ
420 2717 460 2786 τά
486 2724 554 2786 τών
578 2723 706 2789 Λυδών
728 2724 898 2805 βασίλεια·
930 2719 988 2786 καὶ
1014 2721 1175 2788 ἐντεῦθεν

214 2818 422 2912 Ἀλεξάνδρῳ
453 2821 566 2900 ἐδοξεν
597 2822 633 2888 ἐκ
667 2824 753 2890 θεοῦ
783 2823 996 2907 σημανθῆναι
1025 2825 1082 2889 λνα
1111 2819 1214 2911 χρὴιι

219 2925 471 3008 οἰκοδομεῖσθαι
487 2925 534 3012 τῷ
548 2920 610 2990 Διὶ
625 2919 686 2990 τόν
698 2919 796 3006 νεών,
815 2921 871 2988 καὶ
888 2919 995 3000 οὕτως
1012 2922 1175 2993 ἐκέλευσε.

184 3031 202 3083 λ
219 3023 371 3091 κατέλιπε
388 3021 427 3090 δέ
442 3026 501 3108 τῆς
518 3020 580 3109 μὲν
597 3017 701 3110 άκρας
718 3027 776 3110 τῆς
796 3021 959 3110 Σάρδεων
977 3022 1177 3111 ἐπιμελητὴν

219 3129 421 3194 Παυσανίαν
438 3128 507 3191 τών
526 3123 678 3211 ἑταίρων,
695 3128 765 3192 τών
782 3123 820 3194 δέ
838 3123 955 3212 φόρων
972 3129 1031 3211 τῆς
1049 3123 1175 3194 συντά·

220 3224 299 3307 ξεώς
328 3251 365 3293 τε
394 3224 451 3292 καὶ
482 3218 657 3312 άποφορᾶς
683 3232 826 3312 Νικίαν,
845 3224 1033 3313 ’Ἄσανδρον
1057 3225 1095 3294 δέ
1117 3228 1177 3295 τόν

221 3323 353 3396 Φιλώτα
382 3330 512 3405 Λυδίας
547 3326 605 3393 καὶ
633 3332 691 3413 τῆς
722 3322 823 3412 άλλης
852 3331 911 3413 τῆς
941 3326 1175 3415 Σπιθριδάτου
1189 3353 1216 3395 ιο

220 3425 343 3518 ἀρχῆς,
361 3425 445 3508 δοός
463 3424 554 3519 αὐτῷ
574 3429 693 3508 ίππέας
710 3427 820 3496 τεκαὶ
837 3423 957 3507 ψιλούς
976 3427 1048 3497 ὅσοι
1066 3429 1177 3497 ίκανολ

186 3536 204 3588 ⁸
220 3529 305 3621 πρὸς
316 3525 357 3598 τά
372 3527 522 3620 παρόντα
537 3527 688 3598 ἐδόκουν.
715 3526 833 3596 Κάλαν
842 3529 880 3596 δέ
892 3528 949 3597 καὶ
959 3525 1178 3621 Ἀλέξανδρον
