2664 3946
217 221 278 288 106
568 221 820 282 ιιωωιαινοε

216 364 325 452 τάχθη
345 363 465 433 ἕκατδν
480 367 567 445 ναύς
585 363 688 446 άλλας
704 365 789 454 πρὸς
807 359 862 444 αἷς
877 370 996 450 ἔχοντα
1010 361 1172 454 ’Λμφοτε-

217 467 280 556 ρδν
298 473 421 553 ἔπεμπε
438 467 585 536 στέλλειν
604 469 660 536 ἐπὶ
678 465 951 554 Πελοποννήσου.

181 593 200 642 ς
292 565 407 646 Λύτδς
429 566 469 636 δὲ
490 565 553 656 ἤδη
570 566 642 637 άυω
666 566 799 655 ὁρμᾶτο
818 565 863 648 ύς
882 569 937 636 ἐπὶ
956 565 1120 647 Θάψακόν
1137 594 1173 636 τε

216 670 274 737 καὶ
291 669 353 736 τδν
366 665 553 756 Εὐφράτην
566 669 730 756 ποταμόν,
749 673 785 739 ἐν
800 676 942 756 Φοινίκῃ
956 668 1019 755 μὲν
1034 670 1171 738 ἐπὶτῶν

217 769 335 858 φύρων
347 772 389 857 τῇ
408 770 556 858 ξυλλογῇ
574 771 781 858 καταστήσας
795 777 967 858 Κοίρανον
981 778 1171 857 Βεροιαῖον,
1196 799 1210 840 ε

219 870 399 952 Φιλόξενον
422 869 462 939 δέ
484 873 545 957 τῆς
565 869 679 950 Ἀσίας
701 871 742 939 τὰ
763 872 818 940 ἐπὶ
841 870 921 940 τάδε
941 875 1003 938 τοῦ
1033 869 1170 958 Ταύρου

218 974 372 1058 ἐκλέγειν.
402 975 473 1040 τῶν
490 971 553 1052 ξύν
571 971 665 1064 αύτῷ
684 971 721 1041 δὲ
739 971 918 1060 χρημάτων
935 970 997 1058 τὴν
1015 971 1171 1060 φυλακὴν

216 1071 293 1143 άντλ
310 1073 442 1142 τούτων
461 1075 640 1161 ἐπέτρεψεν
655 1071 810 1164 ’Λρπάλῳ
823 1075 871 1164 τῷ
885 1072 1032 1158 Μαχάτα
1045 1071 1121 1162 άρτι
1134 1076 1171 1142 ἐκ

181 1177 275 1262 στῆς
300 1175 412 1262 φυγῆς
437 1170 559 1260 ἥκοντι.
600 1173 771 1262 ’Ἅρπαλος
795 1173 861 1262 γὰρ
893 1173 935 1241 τά
960 1173 1023 1261 μὲν
1054 1178 1172 1261 πρῶτα

216 1283 333 1364 ἔφυγε,
353 1281 525 1346 Φιλίππου
550 1281 598 1345 ἐτι
619 1275 875 1363 βασιλεύοντος,
901 1271 952 1342 δτι
976 1275 1093 1354 πιστδς
1115 1267 1171 1362 ἦν,
1185 1305 1209 1344 ιο

214 1379 272 1446 καὶ
298 1385 507 1464 Πτολεμαῖος
530 1375 549 1446 ὁ
571 1377 690 1463 Λάγου
716 1377 772 1446 ἐπὶ
794 1379 842 1468 τῷ
866 1374 960 1466 αύτῷ
987 1382 1092 1462 ἐφυγε
1114 1377 1171 1444 καί

216 1479 369 1566 Νέαρχος
387 1476 405 1547 ὁ
421 1477 642 1567 Ἀνδροτίμου
656 1478 713 1546 καὶ
727 1476 893 1565 Ἐρίγυιος
910 1475 929 1544 ὁ
943 1485 1095 1565 Λαρίχου
1113 1479 1171 1547 καὶ

215 1581 400 1666 Λαομέδων
424 1577 443 1646 ὁ
466 1579 590 1647 τούτου
614 1577 777 1666 άδελφός,
801 1576 852 1646 δτι
868 1575 1004 1646 ὕποπτα
1020 1569 1063 1664 ἦν
1080 1585 1171 1649 Λλε·

215 1680 349 1772 ξάνδρμ
382 1682 415 1758 ἐς
442 1687 629 1768 Φίλιππον,
661 1681 772 1766 ἐπειδὴ
797 1679 996 1768 Εὐρυδίκην
1021 1695 1169 1766 γυναῖκα

214 1780 358 1869 ἠγάγετο
377 1787 563 1866 Φίλιππος,
583 1779 792 1868 Ὀλυμπιάδα
816 1780 854 1849 δὲ
870 1779 932 1868 τὴν
946 1779 1169 1868 Ἀλεξάνδρου
1182 1809 1208 1850 ιε

180 1901 197 1951 σ
214 1883 339 1969 μητέρα
356 1879 505 1968 ἠτίμασε.
528 1882 787 1970 τελευτήσαντος
804 1881 842 1951 δὲ
861 1889 1033 1952 Φιλίππου
1051 1889 1170 1950 κατελ-

213 1983 341 2061 θόντας
359 1981 427 2050 άπδ
451 1985 510 2069 τῆς
531 1985 643 2070 φυγῆς
657 1981 727 2050 ὅσοι
741 1982 780 2052 δι’
796 1981 903 2051 αύτδν
918 1988 1064 2069 ἔφευγον
1077 1991 1170 2053 Πτο·
1260 1981 1265 1989 ’

213 2091 351 2171 λεμαῖον
364 2081 428 2170 μὲν
441 2084 712 2171 σωματοφύλακα
725 2086 937 2172 κατέστησεν,
945 2081 1119 2168 ’Ἅρπαλον
1132 2083 1171 2154 δέ

215 2186 271 2254 ἐπὶ
288 2187 358 2252 τῶν
375 2184 566 2272 χρημάτων,
583 2182 634 2253 ὅτι
646 2184 739 2276 αύτῷ
753 2185 790 2252 τὸ
810 2187 905 2272 σῶμα
920 2188 954 2264 ἐς
970 2185 1012 2252 τά
1030 2186 1171 2272 πολέμια

212 2285 348 2374 άχρεῖον
365 2275 428 2371 ἦν,
447 2283 616 2373 Ἐρίγυιον
640 2285 679 2354 δὲ
698 2286 869 2374 ἱππάρχην
886 2288 955 2354 τῶν
972 2285 1168 2374 ξυμμάχων,
1181 2312 1208 2354 ω

212 2388 430 2474 Λαομέδοντα
448 2385 486 2456 δέ
503 2385 563 2455 τδν
581 2385 704 2456 τούτου
721 2386 888 2474 άδελφύν,
914 2383 965 2454 ὅτι
982 2392 1169 2472 δίγλωσσος

210 2480 255 2574 ἦν
273 2492 306 2567 ἐς
323 2487 364 2556 τά
385 2487 574 2577 βαρβαρικά
598 2488 795 2577 γράμματα,
821 2491 877 2558 ἐπὶ
899 2502 971 2567 τοῖς
995 2487 1169 2574 αἰχμαλιύ-

211 2615 280 2669 τοις
293 2589 490 2678 βαρβάροις,
508 2591 665 2677 Νέαρχον
679 2588 717 2660 δὲ
730 2589 952 2678 σατραπεύειν
966 2597 1097 2668 Λυκίας
1110 2589 1169 2658 καὶ

210 2693 269 2777 τῆς
289 2691 447 2778 ἐχομένης
460 2698 591 2770 Λυκίας
605 2690 716 2778 χάρας
731 2697 804 2759 ἐστε
823 2693 879 2760 ἐπὶ
894 2689 956 2758 τὸν
977 2693 1113 2777 Ταῦρον
1128 2687 1167 2757 τδ

177 2789 298 2878 ιόρος.
334 2788 453 2876 ὀλίγον
476 2790 515 2860 δὲ
540 2791 693 2879 πρόσθεν
717 2796 777 2879 τῆς
801 2793 907 2879 μάχης
930 2793 990 2878 τῆς
1015 2793 1052 2860 ἐν
1073 2788 1167 2881 Ἰσσῷ
1181 2815 1208 2858 ω

210 2891 392 2979 γενομένης
422 2890 638 2972 ἀναπεισθεὶς
675 2891 760 2981 πρὸς
797 2901 1008 2980 Ταυρίσκου,
1043 2889 1171 2980 άνδρδς

210 2994 337 3080 κακοῦ,
352 2989 523 3081 ’Ἅρπαλος
542 2993 660 3081 φεύγει
682 2993 746 3074 ξύν
769 3001 957 3084 Ταυρίσκῳ.
993 2994 1051 3061 καὶ
1068 2991 1088 3060 δ
1106 2991 1170 3080 μέν

217 3100 405 3182 Ταυρίσκος
434 3092 509 3182 παρ’
538 3091 761 3182 Ἀλέξανδρον
797 3094 858 3162 τδν
891 3093 1097 3182 Ἠπειρώτην
1135 3096 1170 3173 ἐς

206 3193 351 3266 Ἰταλίαν
365 3195 496 3275 σταλεὶς
511 3197 581 3265 ἐκεῖ
594 3195 823 3284 ἐτελεύτησεν·
845 3193 1000 3286 ’Λρπάλῳ
1015 3193 1053 3263 δὲ
1071 3196 1108 3264 ἐν
1125 3196 1168 3282 τῇ

210 3301 381 3384 Μεγαρίδι
393 3292 414 3385 ἡ
428 3296 522 3383 φυγὴ
540 3287 591 3384 ἦν.
620 3295 689 3365 ἀλλ’
701 3295 920 3386 Ἀλέξανδρος
934 3303 1044 3366 πείθει
1060 3293 1169 3365 αύτδυ
1181 3320 1209 3364 ω

210 3405 405 3485 κατελθεῖν,
427 3405 553 3478 πίστεις
572 3397 655 3478 δούς
673 3397 776 3468 ούδέν
794 3402 831 3466 οί
845 3413 940 3486 μεῖον
960 3403 1095 3466 ἔσεσθαι
1113 3398 1169 3465 ἐπὶ

206 3513 247 3587 τη
277 3491 392 3584 φυγῇ·
418 3497 500 3568 ούδέ
518 3500 649 3587 ἐγένετο
668 3498 909 3591 ἐπανελθόντι,
935 3495 1005 3567 ἀλλ’
1027 3499 1170 3568 ἐπὶτῶν
