2650 3948
201 191 245 254 40
408 199 412 206 ’
557 189 808 250 ΑΛΕΞΑΝΔΡΟΤ

203 351 279 420 σαν,
304 327 358 402 οἷα
382 329 424 419 δὴ
446 327 510 404 ούκ
533 327 590 402 ἐπὶ
614 337 811 418 πολιορκίαν
828 329 990 418 σταλέντι,
1018 325 1094 398 ἄλλ’
1116 329 1161 410 ὡς

203 431 259 503 ἐπὶ
285 437 450 524 προδοσίᾳ
475 429 692 522 ἐνδιδομένης
718 439 776 520 τῆς
803 431 943 519 πόλεως,
968 431 1161 521 προσήγαγε

202 535 259 604 καί
283 531 329 614 ώς
352 539 421 604 τών
443 533 655 606 Μακεδόνων
679 531 740 621 τὴν
764 532 937 622 φάλαγγα,
960 530 1161 622 ὑπορύττειν

202 634 364 716 κελεύσας
388 633 425 704 τό
450 649 566 724 τεῖχος.
608 637 664 704 καὶ
683 638 742 706 ἕνα
760 662 799 721 γε
821 633 955 723 πύργον
978 635 1161 721 κατέβαλον
1311 663 1316 698 ι

169 741 239 806 ἰοί
260 735 488 818 Μακεδόνες·“
511 733 552 806 οὐ
583 737 695 826 μέντοι
727 735 903 824 ἐγύμνωσέ
925 762 964 822 γε
988 733 1026 804 τό
1053 749 1200 823 τείχοςε
1311 765 1316 801 ι

204 837 331 908 πεσών·
350 838 407 906 καὶ
425 841 461 908 οί
476 840 512 906 ἐκ
528 843 587 925 τῆς
605 837 733 918 πόλεως
748 836 817 926 ἅμα
835 834 1011 926 εὐρώστως
1029 834 1160 925 άμυνό-
1314 834 1316 848 '

203 962 298 1028 μενοι
311 941 366 1008 καλ
382 942 489 1027 ἕκτης
504 936 765 1028 Ἁλικαρνασσοῦ
782 937 865 1022 καηά
882 937 1060 1008 θάλασσαν
1076 947 1161 1006 πολ-

203 1042 256 1109 λοὶ
291 1039 358 1128 ἤδη
394 1040 727 1129 παραβεβοηθηκότες
766 1037 893 1128 άπορον
924 1041 1084 1127 ἐποίησαν
1113 1044 1161 1132 τῷ

199 1138 408 1235 Ἀλεξάνδρφ
438 1140 500 1228 τὴν
525 1138 747 1230 αὐτοσχέδιόν
772 1167 807 1211 τε
839 1141 897 1210 καλ
923 1142 956 1223 ἐξ
984 1143 1162 1230 ἐπιδρομῆς

202 1243 388 1331 κατάληψιν
412 1248 471 1330 τῆς
495 1243 654 1314 Μύνδου.
693 1241 781 1312 οὕτω
798 1241 861 1331 μὲν
886 1241 928 1329 δὴ
950 1242 1162 1330 ἐπανέρχεται
1175 1248 1200 1317 ἰο
1315 1289 1316 1310 τ

199 1340 415 1432 Ἀλέξανδρος
429 1341 533 1413 οὐδὲν
550 1344 676 1434 πράξας
695 1336 744 1413 ών
759 1346 856 1412 ἕνεκα
870 1341 1028 1433 ώρμήθη,
1045 1343 1103 1412 καί
1119 1348 1161 1433 τῇ

204 1452 380 1537 πολιορκία
396 1451 455 1532 τῆς
469 1438 731 1534 Ἁλικαρνασσοῦ
750 1436 851 1524 αὖθις
869 1459 1033 1534 προσεῖχε.

170 1560 186 1610 ε
279 1547 349 1618 Καὶ
365 1545 406 1616 τά
423 1551 539 1634 πρώτα
554 1546 616 1635 μὲν
629 1546 691 1634 την
704 1545 833 1636 τάφρον
846 1543 867 1633 ἢ
880 1544 945 1635 πρό
959 1551 1018 1634 τῆς
1035 1544 1162 1626 πόλεως

202 1641 378 1737 ὀρώρυκτο
404 1641 536 1735 αύτοῑς,
573 1647 694 1728 πλάτος
724 1647 787 1736 μέν
816 1645 992 1736 τριάκοντα
1021 1645 1162 1736 μάλιστα

203 1749 355 1836 πήχεων,
381 1747 488 1836 βάθος
513 1747 551 1818 δέ
573 1751 606 1830 ἐς
625 1753 880 1836 πεντεκαίδεκα,
908 1747 1073 1837 ἐχώννυε,
1098 1753 1160 1818 τοῦ
1176 1783 1201 1823 ιι
1315 1817 1316 1828 ,

205 1853 330 1940 ῥᾳδίαν
355 1847 440 1918 εἶναι
461 1847 525 1936 την
551 1850 776 1939 προσαγωγὴν
801 1856 870 1919 τών
886 1876 922 1918 τε
938 1848 1080 1938 πύργων
1097 1846 1159 1937 ἀφ’

204 1943 253 2020 ών
263 1956 378 2040 ἔμελλε
385 1948 468 2031 τούς
481 1949 745 2040 ἀκροβολισμούς
760 1954 792 2032 ές
801 1951 878 2031 τούς
888 1951 1162 2039 προμαχομένους

202 2057 265 2121 τού
282 2058 412 2139 τείχους
429 2063 598 2122 ποιεῖσθαι
615 2055 671 2122 καλ
693 2057 764 2122 τών
788 2051 901 2121 ἄλλων
924 2057 1083 2140 μηχανῶν
1108 2047 1162 2131 αἷς

203 2159 388 2222 κατασείειν
407 2153 536 2223 ἐπενόει
552 2152 589 2223 τό
606 2169 723 2242 τεῖχος.
759 2154 815 2222 καὶ
831 2151 854 2242 ἥ
869 2181 905 2222 τε
921 2152 1046 2242 τάφρος
1069 2149 1161 2245 αύτῷ

204 2253 336 2342 ἐχώσθη
353 2251 394 2323 ού
413 2261 565 2343 χαλεποῖς
588 2255 644 2324 καί
668 2259 704 2324 οί
719 2253 842 2344 πύργοι
860 2253 1069 2343 προσήγοντο
1085 2253 1161 2342 ἤδη.
1175 2289 1201 2329 ιο

170 2360 240 2426 θοί
254 2356 293 2426 δὲ
311 2358 347 2425 έκ
364 2360 422 2444 τῆς
431 2355 694 2446 Ἁλικαρνασσοῦ
712 2355 834 2435 νυκτός
853 2353 1089 2443 ἐκδραμόντες,
1118 2352 1162 2434 ώς

205 2459 370 2545 ἐμπρῆσαι
393 2457 474 2538 τούς
496 2483 533 2526 τε
556 2457 709 2547 πύργους
732 2458 789 2527 καὶ
810 2455 886 2526 ὅσαι
903 2455 1001 2526 άλλαι
1017 2457 1162 2545 μηχαναὶ

203 2555 465 2646 προσηγμέναιῆ
479 2555 520 2628 ού
535 2557 650 2649 πόρρω
663 2564 724 2628 τοῦ
738 2557 966 2646 προσάγεσθαι
979 2550 1077 2646 ἦσαν,
1094 2554 1161 2626 ύπό

202 2663 271 2726 τών
289 2664 451 2745 φυλακῶν
473 2685 508 2728 τε
530 2665 599 2728 τών
619 2658 829 2732 Μακεδόνων
853 2659 909 2726 καλ
926 2657 998 2728 ὅσοι
1017 2661 1053 2728 ἐν
1071 2657 1163 2749 αύτῷ

203 2763 250 2850 τῷ
277 2764 365 2852 έργφ
399 2761 627 2848 ἐξεγερθέντες
658 2757 919 2849 παρεβοήθησαν
947 2757 988 2830 ού
1013 2762 1162 2848 χαλεπῶς
1176 2792 1201 2834 τε

155 2873 186 2922 10
206 2867 493 2956 κατεκλείσθησαν
518 2866 566 2940 είς
591 2859 631 2930 τά
657 2869 747 2950 τείχη
771 2853 882 2942 αὖθις.
916 2862 972 2930 καὶ
990 2855 1164 2930 άπίθανον

204 2957 319 3030 αύτῶν
332 2959 427 3030 άλλοι
444 2987 480 3030 τε
494 2963 526 3042 ἐς
542 2961 768 3052 ἑβδομήκοντα
788 2964 844 3031 καὶ
865 2962 982 3032 ἑκατόν
1000 2963 1057 3032 καὶ
1072 2972 1162 3034 Νεο-

204 3059 366 3151 πτόλεμος
384 3059 402 3132 ὁ
418 3059 636 3152 Ἀρραβαίου,
654 3068 712 3134 τού
729 3059 894 3152 Ἀμύντου
913 3060 1079 3152 άδελφός,
1096 3068 1166 3132 τών

203 3160 294 3252 παρά
312 3177 461 3252 Δαρεῖον
476 3161 792 3253 αὐτομολησάντων·
810 3172 879 3234 τών
893 3162 926 3234 δ’
943 3162 1164 3253 Ἀλεξάνδρου

205 3270 415 3354 στρατιωτῶν
432 3263 604 3336 άπίθανον
621 3267 685 3355 μὲν
704 3269 736 3348 ές
756 3269 946 3353 ἑκκαίδεκα,
964 3273 1164 3357 τραυματίαι
1177 3300 1203 3342 ω
1315 3275 1316 3282 ’

204 3365 243 3434 δὲ
261 3367 414 3453 ἐγένοντο
433 3370 466 3448 ές
484 3375 714 3456 τριακοσίους,
739 3367 790 3438 ὅτι
815 3371 851 3438 ἐν
868 3367 968 3437 νυκτί
984 3369 1165 3458 γενομένης

203 3471 261 3554 τῆς
273 3469 435 3558 ἐκδρομῆς
450 3467 715 3559 ἀφυλακτότεροι
726 3472 759 3550 ἐς
771 3467 809 3538 τό
819 3468 1059 3559 τιτρώσκεσθαι
1068 3462 1165 3556 ἦσαν.
