2678 3950
228 243 292 310 234
577 243 827 301 εΛοΞενΔεου

229 409 350 491 ἳναπερ
368 401 414 491 μὴ
433 400 545 492 εἶργεν
571 398 712 490 ἡλίμνη
737 401 799 489 τὴν
825 399 925 470 πόλιν
951 402 1008 470 καί
1035 399 1193 488 φυλακάς

231 508 267 574 ἑν
280 504 395 596 κύκλῳ
408 506 466 592 τῆς
480 510 600 591 λίμνης
614 500 848 591 άκριβεστέρας
858 504 1068 591 κατέστησεν.
1087 497 1192 584 αότός

230 604 268 674 δέ
294 602 444 693 μηχανάς
470 603 654 693 προσάγειν
673 606 719 695 τῷ
737 611 836 690 τείχει
854 603 996 690 ἐπενόει,
1023 603 1069 684 οἱς
1087 631 1191 673 κατα-

230 712 332 776 σείειν
357 703 396 774 τό
422 719 540 791 τεῖχος.
581 703 869 792 αὐτομολήσαντες
896 704 935 774 δέ
956 702 1049 797 αὐτῷ
1067 710 1136 773 τόν
1155 707 1192 774 έιι

229 812 288 894 τῆς
307 805 435 886 πόλεοός
453 833 540 886 τινες
558 806 745 895 φράζουσιν
763 803 814 874 ὅτι
840 809 878 874 έν
895 811 944 898 νβ
964 813 1069 894 ἔχοιεν
1086 805 1191 894 αὐτῆς
1217 834 1232 877 ε

232 911 359 997 ἐκείνης
390 910 449 993 τῆς
483 907 605 986 νυκτὸς
640 909 810 976 ἐκπίπτειν
844 910 880 977 ἐκ
912 911 970 994 τῆς
997 908 1124 989 πόλεως
1158 913 1195 976 οί

227 1007 329 1079 Ἰνδοί
355 1008 437 1076 κατά
463 1007 525 1095 τὴν
552 1014 675 1096 λίμνην
703 1012 822 1097 ἵναπερ
847 1009 885 1077 τό
905 1007 1036 1089 ἐκλιπὲς
1062 1001 1105 1096 ἦν
1131 1011 1192 1078 τοῦ

198 1107 386 1201 οχάρακος.
439 1106 457 1178 ὁ
491 1109 529 1179 δὲ
556 1119 768 1198 Πτολεμαῖον
798 1107 859 1178 τόν
884 1109 1003 1196 Λάγου
1029 1107 1191 1180 ἐπιτάττει

231 1212 395 1299 ἐνταῦθα,
421 1212 492 1280 τῶν
523 1238 559 1279 τε
586 1209 810 1280 ὑπασπιστῶν
836 1209 928 1302 αὐτῷ
954 1210 1038 1291 όοός
1064 1220 1190 1302 χιλιαρ-

230 1319 305 1401 χίας
330 1326 419 1402 τρεῖς
446 1315 503 1380 καὶ
520 1310 602 1392 τοός
616 1311 797 1398 Ἀγριᾶνας
824 1311 1017 1399 ξύμπαντας
1034 1315 1091 1380 καὶ
1108 1320 1192 1400 μίαν
1205 1343 1231 1383 ιο

231 1414 325 1497 τάξιν
342 1417 411 1482 τῶν
428 1415 585 1500 τοξοτῶν,
609 1411 789 1493 άποόείξας
815 1413 853 1481 τό
878 1421 1003 1503 χωρίον
1020 1404 1107 1502 ᾗπερ
1123 1415 1191 1502 μά-

231 1523 327 1584 λιστα
360 1523 465 1597 είκαζε
496 1513 672 1603 βιάσεσθαι
702 1512 783 1593 τοός
815 1513 1026 1604 βαρβάρους·
1077 1515 1121 1584 σύ
1153 1513 1191 1584 δὲ

230 1615 368 1686 ἐπειδάν
385 1623 504 1703 αίσθη,
532 1620 607 1702 ἔφη,
634 1614 848 1703 βιαζομένους
866 1614 986 1705 ταότη,
1010 1613 1112 1697 αὐτὸς
1129 1615 1191 1705 μέν

230 1719 293 1800 ξόν
311 1722 355 1805 τῇ
372 1720 509 1804 στρατιᾷ
528 1723 653 1801 είργειν
669 1715 751 1796 τούς
768 1715 963 1806 βαρβάρους
982 1722 1044 1786 τοῦ
1063 1716 1191 1807 πρόσω,

230 1818 292 1887 τόν
327 1818 365 1886 δὲ
391 1814 596 1904 σαλπιγκτὴν
627 1817 744 1886 κε’λευε
776 1825 966 1906 σημαίνειν·
1011 1817 1108 1907 ὑμεῖς
1141 1819 1190 1904 δέ,
1205 1848 1230 1890 15

231 1919 352 2006 ἄνδρες
377 1916 550 2006 ἡγεμόνες,
577 1915 713 1987 ἐπειδάν
740 1921 910 2007 σημανθῇ,
939 1918 1002 2001 ξόν
1019 1934 1090 2000 τοῖς
1108 1919 1187 1990 καθ’

231 2019 357 2099 αότοάς
375 2023 504 2089 ἕκαστοι
521 2019 776 2106 ξυντεταγμένοι
795 2021 881 2089 ίέναι
894 2017 951 2088 ε’πί
964 2019 1025 2088 τόν
1037 2021 1191 2109 θόρυβον

232 2126 289 2192 ἵνα
315 2117 357 2188 άν
382 2119 403 2207 ἡ
423 2121 563 2206 σάλπιγξ
582 2123 771 2209 παρακαλῇ.
814 2118 1034 2208 ἀποστατήσω
1052 2120 1090 2191 δὲ
1109 2117 1191 2191 οὐδὲ
1318 2157 1325 2189 ι

231 2221 298 2311 ἐγώ
325 2227 385 2292 τοῦ
415 2229 527 2313 ἔργου.

181 2333 222 2399 24
306 2322 342 2394 ‘0
355 2324 418 2413 μέν
430 2328 535 2393 ταῦτα
549 2320 762 2412 παρήγγειλε·
790 2331 998 2412 Πτολεμαῖος
1012 2323 1051 2394 δέ
1065 2322 1190 2411 ἁμάξας
1204 2353 1232 2393 εο

230 2453 266 2496 τε
286 2429 322 2495 ἐκ
340 2427 409 2494 τεόν
429 2422 720 2510 ἀπολελειμμένων
745 2424 782 2492 έν
805 2428 845 2514 τῇ
864 2426 979 2515 κράτη
993 2431 1089 2516 φυγῇ
1102 2425 1191 2514 άμα·

231 2529 298 2609 ξάν
335 2524 442 2616 ταύτῃ
482 2521 683 2611 ξυναγαγών
722 2521 767 2606 άς
802 2532 958 2608 πλείστας
991 2529 1191 2614 κατέστησεν

232 2629 422 2715 ἐγκαρσίας,
449 2631 507 2695 ἵνα
533 2623 640 2694 πολλά
669 2629 706 2695 έν
729 2627 828 2696 νυκτὶ
846 2625 886 2695 τά
905 2623 1015 2717 άπορα
1033 2635 1191 2716 φαίνηται

231 2742 302 2806 τοῖς
328 2728 506 2815 φεύγουσι,
539 2727 684 2796 καὶτοῦ
716 2726 860 2815 χάρακος
886 2733 948 2796 τοῦ
982 2729 1191 2817 κεκομμένου

230 2852 267 2896 τε
292 2829 349 2896 καί
376 2823 417 2897 ου’
444 2828 716 2916 καταπηχθέντος
743 2835 908 2914 συννῆσαι
925 2827 1012 2918 άλλη
1030 2831 1087 2898 καὶ
1104 2828 1191 2920 άλλη
1204 2858 1232 2900 ει

233 2929 408 2998 ἐκέλευσεν
433 2929 469 2996 έν
495 2931 586 3020 με’σςο
612 2933 671 3016 τῆς
696 2953 732 2998 τε
757 2936 875 3019 λίμνης
895 2932 1031 3000 καὶτοῦ
1049 2939 1190 3018 τείχους.

231 3030 288 3098 καλ
315 3034 421 3098 ταῦτα
448 3027 543 3121 αὐτῷ
569 3033 605 3098 οί
628 3035 824 3119 στρατιῶται
850 3035 887 3100 ἑν
909 3035 952 3121 τῇ
969 3035 1068 3102 νυκτί
1087 3035 1192 3121 ἐξειρ-

197 3129 388 3216 ςγάσαντο.
427 3128 493 3217 ἤδη
517 3156 553 3198 τε
569 3121 613 3217 ἦν
631 3129 718 3218 άμφὶ
734 3133 893 3220 τετάρτην
911 3132 1069 3221 φυλακὴν
1085 3135 1196 3204 καλοί
1317 3181 1322 3199 ⁴

230 3229 404 3322 βάρβαροι,
422 3230 576 3320 καθάπερ
599 3231 773 3319 ἐξήγγελτο
784 3231 1003 3328 Ἀλεξάνδρῳ,
1031 3233 1192 3317 άνοίξαυ·

229 3360 282 3413 τες
307 3331 365 3413 τάς
393 3329 437 3414 σός
465 3333 519 3402 έπὶ
536 3333 597 3419 την
615 3340 738 3421 λίμνην
755 3334 863 3414 πύλας
881 3335 997 3429 δρόμῳ
1016 3332 1064 3405 ἐπ’
1084 3335 1232 3424 αότὴνιο

231 3435 400 3522 ἐφέροντο.
440 3431 481 3502 οά
500 3433 566 3521 μὴν
585 3439 710 3502 ἔλαθον
727 3433 785 3516 τάς
802 3435 909 3526 ταάτη
928 3438 1083 3524 φυλακάς
1109 3435 1193 3507 οὐδὲ

230 3543 443 3624 Πτολεμαῖον
468 3534 528 3604 τόν
555 3529 609 3604 ἐπ’
636 3534 755 3616 αόταίς
780 3539 997 3626 τεταγμένον·
1040 3537 1126 3606 ἀλλά
1153 3541 1191 3608 έν
