2664 3946
505 247 688 302 ΔΝΑΒΛΣΙΣ
706 252 730 314 ε,
748 252 773 304 ο.
1055 246 1115 311 101

159 387 372 469 άποστάντας
390 393 532 477 Περσῶν
551 396 647 476 σφίσι
660 389 870 477 προσθέσθαι
887 385 959 477 (καὶ
976 389 1042 479 γάρ
1059 389 1117 458 καὶ

161 490 304 570 ἄκοντας
329 492 476 580 Πέρσαις
500 490 748 581 προσχωρῆσαι)
773 493 830 560 καὶ
855 499 950 562 Χίων
972 488 1023 560 ὅτι
1038 487 1117 578 δὴό

162 595 266 679 δῆμος
285 592 469 679 ἐπηγάγετο
482 594 572 680 σφάς
589 599 648 682 βίᾳ
665 596 734 660 τῶν
751 593 960 679 κατεχόντων
977 591 1039 680 τὴν
1052 592 1117 662 πό-

162 701 228 781 λιν,
237 688 297 773 οὓς
308 692 576 782 Αὐτοφραδάτης
585 719 621 762 τε
629 695 686 761 καὶ
695 693 911 783 Φαρνάβαζος
919 695 1117 782 έγκατέστη-
1134 705 1151 757 4

136 813 242 864 σσαν·
261 793 390 864 άλῶναι
407 794 445 864 δὲ
462 793 585 864 αότόθι
601 796 658 863 καλ
674 795 892 886 Φαρνάβαζον
907 799 1118 884 ἐγκαταληφ-

161 897 270 966 θέντα
286 899 344 965 καὶ
364 894 590 984 Ἀριστόνικον
609 905 842 984 Μηθυμναῖον
864 895 925 966 τόν
947 896 1119 985 τύραννον

164 996 397 1068 έσπλεάσαντα
421 1001 454 1076 ές
477 997 538 1066 τόν
559 999 676 1085 λιμένα
693 1001 751 1083 τῆς
769 1005 856 1068 Χίου
874 998 937 1080 ξόν
954 996 1119 1086 ἡμιολίαις

164 1107 357 1188 λῃστρικαῖς
382 1100 499 1186 πέντε,
521 1097 591 1168 άπὸ
615 1103 713 1186 σφῶν
733 1099 891 1186 ἐχόμενον
916 1098 977 1168 τόν
1002 1100 1118 1186 λιμένα

164 1199 205 1268 οό
232 1199 378 1286 γνόντα,
405 1199 480 1268 ἀλλ’
514 1201 763 1286 ἐξαπατηθέντα
786 1201 851 1287 γὰρ
876 1201 960 1291 πρὸς
984 1200 1117 1268 πάντά

126 1308 308 1388 ινκλείθρα
333 1300 479 1388 έχόντων
503 1305 563 1370 τοῦ
588 1302 738 1389 λιμένος,
763 1298 873 1369 ὅτιτὸ
899 1300 1118 1389 Φαρναβάζου

164 1400 230 1492 ἄρα
247 1402 409 1472 ναυτικὸν
433 1401 531 1489 όρμεί
548 1405 584 1472 έν
603 1401 708 1493 αὐτῷ·
741 1404 798 1471 καὶ
815 1401 895 1482 τούς
912 1403 974 1488 μέν
994 1401 1118 1490 λῃστάς
1136 1411 1153 1462 ⁵

165 1503 294 1582 πάντας
308 1502 415 1572 αὐτοῦ
430 1507 659 1590 κατακοπῆναι
672 1503 757 1590 πρὸς
771 1508 881 1590 σφῶν,
894 1502 1119 1591 Ἀριστόνικον

166 1604 204 1673 δὲ
216 1596 277 1692 ἦγε
291 1603 371 1693 παρ’
390 1605 608 1693 Ἀλέξανδρον
622 1606 679 1672 καὶ
694 1604 945 1692 Ἀπολλωνίδην
959 1605 1020 1672 τόν
1034 1613 1120 1674 Χῖον

165 1707 223 1774 καὶ
243 1705 383 1776 Φισινόν
400 1707 457 1774 καὶ
475 1707 636 1794 Μεγαρέα
653 1707 709 1774 καὶ
727 1706 808 1785 τούς
832 1704 955 1786 ἄλλους
973 1703 1045 1774 ὅσοι
1061 1708 1120 1791 τῆς

128 1826 154 1868 1⁶
166 1834 202 1876 τε
226 1805 441 1887 ἀποστάσεως
463 1809 522 1893 τῆς
541 1815 635 1877 Χίων
659 1806 925 1895 ξυνεπελάβοντο
942 1809 999 1876 καὶ
1019 1810 1056 1876 έν
1072 1811 1120 1898 τῷ

165 1907 240 1978 τότε
256 1908 296 1976 τά
316 1907 496 1996 πράγματα
512 1910 571 1994 τῆς
588 1907 694 1994 νήσου
720 1915 779 1997 βίᾳ
797 1907 903 1995 εἶχον·
930 1909 988 1977 καὶ
1006 1914 1154 1978 Μιτυ-6

166 2009 271 2098 λήνην
289 2008 328 2078 δέ
342 2009 478 2098 Χάρητα
498 2015 616 2096 ἔχοντα
629 2006 679 2078 ότι
695 2008 850 2096 ἀφείλετο
863 2010 922 2078 καὶ
938 2011 999 2089 τάς
1017 2009 1121 2090 άλλας

165 2111 226 2190 τὰς
246 2113 283 2180 έν
300 2112 420 2202 Λέσβῳ
439 2110 552 2189 πόλεις
569 2113 627 2180 καί
645 2109 750 2189 αὐτάς
768 2109 930 2200 ὁμολογίᾳ
948 2111 1122 2198 προσηγά-

167 2238 262 2300 γετο,
281 2209 488 2299 Ἀμφοτερὸν
511 2211 550 2280 δὲ
574 2212 637 2293 ξύν
661 2212 820 2298 ἑξήκοντα
843 2213 968 2280 ναυσίν
987 2214 1043 2282 ἐπὶ
1061 2215 1121 2282 Κῶ

129 2332 155 2374 ²⁰
170 2319 330 2400 ἔπεμψεν·
358 2315 586 2383 ἐπικαλεῖσθαι
608 2313 673 2402 γάρ
696 2316 785 2401 σφᾶς
801 2311 883 2392 τούς
901 2312 1039 2404 Κρέους’
1064 2317 1123 2382 καὶ

168 2412 272 2493 αὐτὸς
285 2415 519 2495 καταπλεύσας
529 2412 580 2483 ότι
589 2405 666 2503 εὗρε
678 2415 741 2500 τὴν
751 2416 810 2484 Κῶ
821 2414 904 2502 πρὸς
914 2413 1121 2502 Ἀμφοτεροῦ

166 2512 230 2602 ἤδη
245 2516 416 2603 ἐχομένην.
434 2515 590 2594 καὶτοὺς
607 2515 670 2602 μὲν
688 2513 813 2595 ἄλλους
831 2513 902 2584 όσοι
919 2515 1124 2602 αἰχμάλωτοι
1140 2524 1156 2576 ἲ

167 2607 249 2702 ἦγεν
258 2613 449 2704 Ἡγέλοχος,
465 2617 679 2705 Φαρνάβαζος
689 2616 726 2686 δὲ
739 2616 870 2705 ἀπέδρα
884 2619 989 2708 ένΚῷ
1005 2615 1124 2686 λαθιδν

167 2716 249 2796 τούς
263 2717 427 2803 φύλακας.
459 2715 677 2805 Ἀλέξανδρος
699 2717 738 2787 δέ
754 2718 835 2797 τοὺς
852 2718 1044 2807 τυράννους
1061 2718 1124 2805 μέν

130 2836 156 2878 ¹⁶
168 2818 249 2897 τούς
265 2819 383 2886 ἐκτῶν
396 2816 527 2886 πόλεων
542 2821 576 2898 ἐς
589 2819 649 2898 τάς
663 2818 775 2899 πόλεις
790 2820 921 2907 πέμπει,
936 2819 1125 2906 χρήσασθαι

168 2915 259 2998 ὅπως
289 2919 452 2988 ἐθέλοιεν·
490 2917 571 2998 τούς
596 2919 634 2988 δὲ
663 2919 744 3008 ἄμφ’
765 2919 1015 3009 Ἀπολλωνίδην
1043 2922 1125 3001 τούς

168 3027 276 3099 Χίους
292 3022 325 3100 ές
334 3018 574 3108 Ἐλεφαντίνην
588 3020 687 3090 πόλιν
696 3029 893 3107 Αἰγυπτίαν
907 3023 972 3104 ξδν
986 3027 1123 3111 φυλακῇ

167 3117 301 3210 άκριβεῑ
318 3126 473 3208 ἔπεμψεν.

239 3221 315 3291 Ἐπὶ
323 3221 454 3301 τοότοις
464 3220 502 3291 δέ
511 3220 618 3302 πόθος
628 3221 790 3311 λαμβάνει
798 3221 905 3292 αότὸν
916 3227 1030 3294 έλθείν
1040 3222 1119 3312 παρ’
1132 3229 1153 3294 3

130 3320 324 3411 θἈμμωνα
343 3325 376 3403 ές
394 3321 542 3411 Λιβύην,
566 3322 604 3392 τό
622 3325 685 3411 μέν
702 3326 796 3415 τιτῷ
814 3328 884 3416 θεῷ
903 3323 1123 3413 χρησόμενον,

169 3419 219 3492 ότι
236 3422 371 3513 ἀτρεκές
390 3425 520 3511 έλέγετο
538 3422 625 3492 εἶναι
640 3423 678 3493 τό
697 3439 855 3513 μαντεῖον
872 3430 933 3495 τοῦ
946 3424 1124 3514 Ἀμμωνος

168 3525 224 3592 καὶ
267 3527 454 3615 χρήσασθαι
485 3525 578 3618 αὐτῷ
612 3529 747 3615 Περσέα
781 3528 838 3595 καὶ
858 3525 1041 3616 Ἡρακλέα,
1063 3524 1124 3595 τόν
