2678 3950
220 203 280 269 198
567 203 820 263 ΔΛΕΞΔΝΔΡΟΤ

167 370 209 435 30
301 366 349 452 Τῇ
369 361 490 452 μὲνδὴ
509 361 624 451 πρῶτη
643 360 750 452 ἡμέρᾳ
769 359 815 441 ῶς
830 361 883 432 ἐπὶ
898 362 1035 431 στάδιον
1050 367 1175 451 ἔχωσεν

218 465 310 556 αὐτῷ
330 463 348 532 ό
367 463 517 552 στρατός.
562 466 595 543 ἐς
619 462 657 532 δέ
682 464 744 549 τήν
767 462 951 551 ὑστεραίαν
968 463 1050 532 οἵτε
1068 483 1174 552 σφεν-

219 570 355 654 δονήται
381 568 637 653 σφενδονῶντες
663 565 698 644 ἐς
723 562 804 644 τούς
818 561 948 643 Ἰνδοδς
976 565 1012 632 ἐκ
1028 569 1089 632 τοῦ
1106 562 1173 653 ἤδη

219 666 429 756 κεχωσμένου
453 666 510 734 καὶ
536 663 602 732 ἀπό
630 668 699 733 τῶν
724 667 883 753 μηχανῶν
909 665 990 753 βέλη
1010 661 1173 753 ἀφιέμενα

219 769 394 839 ἀνέστελλε
418 770 487 834 τῶν
507 764 624 834 Ἰνδῶν
648 763 708 845 τάς
736 767 899 854 ἐκδρομὰς
924 765 984 845 τάς
1011 767 1065 834 ἐπὶ
1091 766 1200 849 τούςς

158 899 160 908 ’
220 869 441 958 χωννύοντας.
493 867 550 935 καὶ
578 864 746 953 ἐχῶννυτο
770 866 864 958 αὐτῷ
888 868 921 947 ἐς
938 880 1028 953 τρεῖς
1048 865 1174 955 ἡμέρας

219 973 367 1056 ξυνεχῶς
384 968 422 1036 τό
442 974 575 1054 χωρίον.
614 969 656 1054 τή
674 966 815 1057 τετάρτῃ
839 967 876 1037 δέ
893 967 1088 1056 βιασάμενοι
1104 971 1173 1037 τῶν

220 1070 433 1142 Μακεδόνων
447 1067 488 1138 οό
502 1069 619 1138 πολλοὶ
632 1070 794 1156 κατέσχον
809 1067 925 1155 ὀλίγον
938 1069 1089 1157 γήλοφον
1100 1068 1172 1138 ίσό·
1182 1111 1200 1146 .

220 1178 322 1242 πεδον
344 1174 385 1260 τή
406 1171 525 1260 πέτρα.
548 1170 606 1237 καὶ
619 1163 834 1256 Ἀλέξανδρος
857 1164 961 1239 οόδέν
978 1195 1011 1238 τι
1030 1170 1172 1239 ἐλινύων

221 1276 324 1360 ἐπήγε
339 1273 377 1341 τό
395 1274 502 1359 χῶμα,
520 1269 667 1351 ξυνάψαι
685 1270 813 1339 ἐθέλων
831 1269 868 1339 τό
886 1271 1106 1358 χωννύμενον
1123 1275 1172 1363 τῷ
1188 1313 1214 1354 10

218 1373 358 1464 γηλόφῳ
384 1371 499 1440 ὅντινα
526 1375 562 1439 ολ
584 1368 690 1457 ὀλίγοι
715 1369 810 1462 αὐτῷ
836 1369 900 1459 ἤδη
925 1386 1089 1459 κατεῖχον.

186 1493 201 1540 2
298 1479 343 1546 οί
358 1472 395 1542 δέ
407 1472 510 1542 Ἰνδοὶ
527 1469 612 1559 πρός
628 1498 664 1541 τε
679 1471 743 1559 τήν
760 1471 940 1560 ἀδιήγητον
958 1473 1086 1562 τόλμαν
1103 1474 1172 1541 τῶν

220 1579 254 1657 ἐς
288 1575 350 1644 τόν
381 1573 531 1661 γήλοφον
563 1574 775 1660 βιασαμένων
804 1573 1016 1643 Μακεδόνων
1048 1577 1172 1643 ἐκπλα-

219 1678 332 1764 γέντες
345 1675 401 1743 καὶ
413 1674 451 1741 τό
465 1677 559 1761 χῶμα
578 1673 747 1754 ξυνάπτον
765 1672 830 1762 ήδη
850 1669 1007 1762 ὁρῶντες,
1025 1679 1087 1744 τοῦ
1107 1673 1171 1762 μέν

218 1775 448 1863 ἀπομάχεσθαι
472 1780 518 1842 ἔτι
540 1771 732 1860 ἀπείχοντο·
769 1777 959 1863 πέμψαντες
983 1775 1022 1845 δέ
1039 1773 1170 1864 κήρυκα
1186 1811 1212 1852 15

220 1882 317 1964 σφῶν
325 1871 632 1962 παρ”Αλέξανδρον
643 1876 771 1944 ἐθέλειν
783 1882 930 1964 ἔφασκον
942 1879 1101 1946 ἐνδοῦναι
1109 1875 1172 1964 τήν

220 1979 355 2067 πέτραν,
379 1985 414 2045 εί
426 1995 518 2063 σφισι
535 1978 719 2045 σπένδοιτο.
761 1977 899 2065 γνῶμην
916 1977 954 2046 δέ
973 1981 1172 2066 ἐπεποίηντο

220 2082 257 2148 ἐν
269 2081 316 2171 τῷ
336 2084 382 2148 ἔτι
395 2078 603 2163 διαμέλλοντι
618 2079 688 2144 τῶν
705 2080 863 2146 σπονδῶν
880 2079 1096 2166 διαγαγόντες
1110 2079 1172 2166 τήν

217 2179 345 2269 ἡμέραν
362 2177 486 2258 νυκτός
510 2174 555 2257 ῶς
580 2179 711 2247 ἕκαστοι
734 2179 1041 2249 διασκεδάννυσθαι
1059 2181 1114 2249 ἐπὶ
1131 2177 1172 2249 τά

185 2300 201 2348 3
219 2284 362 2370 σφέτερα
383 2278 459 2368 ἤθη.
503 2279 561 2346 καί
585 2279 684 2348 τοῦτο
709 2277 754 2359 ῶς
779 2280 923 2349 ἐπύθετο
943 2278 1171 2369 Ἀλέξανδρος,
1184 2315 1211 2356 ω

220 2386 397 2453 ἐνδίδωσιν
415 2379 531 2460 αὐτοῖς
554 2379 678 2467 χρόνον
701 2407 737 2449 τε
755 2382 788 2460 ἐς
805 2380 868 2466 τήν
886 2381 1099 2468 ἀποχῶρησιν
1116 2382 1172 2450 καί

217 2489 276 2571 τής
293 2486 445 2571 φυλακῆς
461 2479 523 2568 τήν
539 2479 708 2549 κάκλωσιν
725 2480 787 2567 τήν
805 2481 913 2569 πάντη
936 2480 1083 2569 ἀφελεῖν.
1116 2485 1172 2552 καὶ

218 2583 322 2663 αὐτός
348 2590 463 2671 ἐμενεν
487 2587 560 2650 ἐστε
583 2581 727 2670 ήρξαντο
750 2587 808 2669 τῆς
827 2581 1089 2672 ἀποχωρήσεως·
1116 2584 1172 2652 καί

220 2687 256 2753 ἐν
279 2682 389 2775 τούτῳ
416 2680 598 2770 ἀναλαβῶν
623 2687 692 2749 τῶν
716 2683 1013 2771 σωματοφυλάκων
1030 2686 1172 2753 καὶτῶν

217 2781 438 2853 όπασπιστῶν
463 2785 496 2862 ἐς
521 2784 740 2863 ἑπτακοσίους
763 2785 847 2852 κατά
865 2785 902 2852 τό
923 2787 1208 2874 ἐκλελειμμένονω

217 2888 275 2972 τής
308 2886 429 2974 πέτρας
462 2882 634 2972 ἀνέρχεται
665 2887 698 2963 ἐς
730 2882 836 2973 αὐτήν
869 2889 1017 2973 πρῶτος,
1052 2889 1109 2954 καὶ
1140 2891 1176 2956 ολ

218 2984 414 3066 Μακεδόνες
427 2984 526 3064 ἀλλος
540 2983 627 3073 άλλη
641 2983 823 3071 ἀνιμῶντες
835 2983 1003 3073 ἀλλήλους
1013 2981 1171 3076 ἀνήεσαν.

183 3089 274 3155 ικαὶ
301 3076 394 3156 οὗτοι
420 3087 475 3156 ἐπὶ
501 3083 580 3165 τοός
613 3083 874 3174 ἀποχωροῦντας
899 3091 968 3156 τῶν
993 3089 1172 3177 βαρβάρων

216 3183 417 3277 τραπόμενοι
447 3186 514 3255 ἀπὸ
542 3186 766 3274 ξυνθήματος,
798 3188 946 3269 πολλοὺς
971 3189 1033 3277 μὲν
1059 3183 1172 3258 αὐτῶν

217 3290 254 3380 ἐν
279 3292 320 3377 τῇ
348 3293 442 3377 φυγή
471 3286 681 3356 ἀπέκτειναν·
709 3292 744 3356 οί
773 3287 811 3356 δέ
843 3291 900 3358 καί
933 3289 1207 3379 πεφοβημένωςω
1305 3287 1307 3368 J

215 3387 471 3478 ἀποχωροῦντες
504 3386 588 3456 κατά
621 3393 690 3456 τῶν
716 3391 874 3476 κρημνῶν
901 3393 1059 3476 ῥίψαντες
1085 3395 1172 3479 σφᾶς
1305 3385 1306 3413 ¹

216 3489 399 3560 ἀπέθανον.
434 3489 539 3578 είχετό
556 3515 590 3558 τε
603 3485 812 3582 Ἀλεξάνδρςο
829 3489 850 3577 ή
863 3493 966 3577 πέτρα
979 3489 999 3576 ή
1014 3494 1060 3582 τῷ
1071 3489 1171 3579 Ἡρα·
