2664 3946
243 215 305 280 170
594 214 848 272 εεεωωιεεοτ

242 372 535 460 σατραπεύσαντος
571 373 629 440 καὶ
659 371 835 460 Ἐπιμένην
877 370 938 442 τόν
974 368 1112 461 Ἀρσέου
1149 372 1209 442 καλ

239 474 409 545 Ἀντικλέα
426 473 485 542 τόν
504 479 685 560 Θεοκρίτου
703 473 760 540 καὶ
779 471 934 542 Φιλύταν
951 473 1011 543 τόν
1035 474 1208 561 Κάρσιδος

243 578 304 644 τοῦ
336 573 477 675 Θρῳκός.
523 567 568 654 άς
602 565 667 643 οὖν
701 575 856 662 περιῆκεν
884 577 917 655 ἐς
941 569 1209 663 Ἀντίπατρονῆ

243 675 421 764 νυκτερινὴ
455 675 610 764 φυλακή,
643 673 749 764 ταύτη
784 678 826 764 τῆ
858 677 958 745 νυκτὶ
988 676 1208 762 ξυγκείμενον

245 775 331 846 εἶναι
365 775 558 845 ἀποκτεῖναι
589 773 826 864 Ἀλέξανδρον,
865 778 1059 870 κοιμωμένῳ
1092 778 1233 846 ἔπιτε-ι

246 876 377 957 σόντας.

212 997 228 1048 ο
321 980 496 1066 Ξυμβῆναι
521 976 560 1046 δὲ
586 981 623 1045 οί
644 975 707 1064 μέν
734 974 929 1064 αὐτομάτως
953 977 1109 1064 λέγουσιν
1135 984 1208 1046 ἔστε

245 1077 373 1167 ἡμέραν
399 1085 509 1148 πίνειν
530 1077 766 1164 Ἀλέξανδρον·
795 1076 1050 1166 Ἀριστόβουλος
1076 1077 1115 1148 δὲ
1140 1071 1208 1148 ύδε

246 1179 425 1269 ἀνέγραψε.
461 1179 582 1266 Σύραν
606 1193 752 1265 γυναῖκα
779 1181 979 1268 ἐφομαρτεῖν
1001 1179 1206 1271 Ἀλεξάνδρῳ

245 1281 387 1369 κάτοχον
415 1283 451 1350 ἐκ
476 1283 537 1349 τοῦ
564 1286 663 1349 θείου
687 1280 905 1368 γιγνομένην·
932 1281 988 1349 καὶ
1013 1281 1140 1369 ταύτην
1165 1277 1203 1348 τό
1219 1307 1247 1349 το

245 1382 308 1470 μέν
335 1387 469 1472 πρῶτον
493 1382 623 1468 γέλωτα
649 1376 736 1449 εἶναι
759 1374 967 1472 Ἀλεξάνδρῳ
993 1384 1109 1451 τεκαὶ
1135 1396 1207 1461 τοῖς

245 1479 332 1572 ἄμφ’
361 1481 484 1552 αύτόν·
513 1481 558 1561 τός
585 1479 623 1549 δὲ
649 1478 689 1548 τά
716 1481 826 1549 πάντα
850 1483 887 1549 ἐν
912 1484 953 1572 τῆ
976 1485 1101 1570 κατοχῇ
1122 1479 1206 1570 άλη-

244 1585 397 1654 θεύουσα
425 1586 598 1671 ἐφαίνετο,
625 1578 740 1650 ούκέτι
757 1578 955 1670 ἀμελεῖσθαι
970 1577 1034 1651 ὑπ’
1051 1581 1207 1666 Ἀλεξάν-

245 1690 349 1775 δρου,
383 1679 461 1752 ἄλλ’
495 1681 582 1752 εἶναι
616 1681 683 1770 γάρ
715 1687 757 1772 τῆ
785 1682 887 1774 Σύρῳ
920 1684 1089 1772 πρόσοδον
1122 1683 1207 1771 πρὸς

244 1785 304 1854 τὸν
335 1783 472 1872 βασιλέα
509 1784 565 1852 καὶ
597 1783 732 1873 νύκτωρ
765 1785 824 1852 καὶ
856 1782 935 1872 μεθ’
966 1784 1114 1872 ἡμέραν,
1150 1785 1206 1853 καὶ
1220 1811 1248 1852 τε

212 1904 228 1952 6
245 1885 447 1955 καθεύδοντι
464 1885 623 1965 πολλάκις
639 1883 702 1972 ῆδη
723 1887 903 1970 ἐπιστῆναι.
935 1886 992 1954 καὶ
1006 1887 1047 1973 δὴ
1061 1886 1117 1954 καὶ
1133 1885 1209 1955 τότε

246 1983 545 2072 ἀπαλλασσομένου
574 1989 611 2054 ἐκ
636 1991 698 2054 τοῦ
726 1985 831 2054 πότου
849 1987 1073 2075 κατεχομένην
1092 1990 1128 2056 έκ
1144 1989 1206 2055 τού
1265 2059 1271 2076 ,

245 2093 344 2156 θείου
360 2089 526 2174 ἐντυχεῖν,
539 2087 597 2154 καὶ
610 2091 744 2155 δεῖσθαι
757 2087 988 2157 ἐπανελθόντα
1001 2095 1111 2156 πίνειν
1125 2085 1208 2174 ὅλην

245 2187 308 2275 τὴν
325 2187 445 2256 νύκτα·
464 2188 521 2255 καὶ
531 2186 749 2275 Ἀλέξανδρον
765 2188 863 2256 θεῖόν
880 2214 912 2257 τι
926 2187 1011 2258 εἶναι
1023 2195 1208 2281 νομίσαντα

247 2291 447 2358 ἐπανελθεῖν
463 2314 499 2357 τε
516 2288 573 2356 καὶ
591 2295 719 2374 πίνειν,
742 2288 800 2356 καλ
817 2286 906 2358 οὕτω
923 2303 994 2369 τοῖς
1013 2292 1108 2358 παισὶ
1132 2294 1207 2358 δια·
1220 2315 1246 2354 το

245 2405 359 2460 πεσεῖν
384 2388 422 2458 τό
449 2394 559 2476 ἔργον.

212 2509 227 2556 τ
327 2493 376 2580 Τῆ
395 2489 434 2559 δὲ
450 2484 615 2580 ὑστεραίῃ
635 2487 808 2578 Ἐπιμένης
827 2489 845 2557 ὁ
861 2488 999 2581 Ἀρσέου
1017 2497 1088 2560 τοῖν
1111 2517 1209 2579 μετε-

245 2591 376 2679 χόντων
401 2595 459 2678 τῆς
487 2593 666 2680 ἐπιβουλῆς
690 2590 803 2679 φράζει
826 2588 889 2678 τῆν
913 2593 1034 2678 πρᾶξιν
1051 2599 1212 2679 Χαρικλεῖ

245 2697 292 2782 τῷ
312 2689 534 2779 Μενάνδρου,
560 2693 682 2780 ἐραστῇ
704 2693 826 2760 ἑαυτοῦ
844 2693 1010 2778 γεγονότι·
1041 2695 1209 2781 Χαρικλῆς

247 2792 285 2861 δὲ
311 2791 425 2881 φράζει
453 2791 641 2883 Εὐρυλόχῳ
668 2797 715 2883 τῷ
742 2790 879 2884 άδελφῷ
910 2796 971 2862 τού
1002 2791 1207 2881 Ἐπιμένους.
1223 2819 1246 2860 τε

246 2893 303 2962 καὶ
327 2892 345 2961 ό
365 2889 562 2982 Εὐρύλοχος
587 2889 701 2962 έλθων
720 2892 775 2961 ἐπὶ
799 2891 864 2980 τῆν
891 2894 1018 2982 σκηνῆν
1039 2894 1102 2981 τῆν
1116 2889 1209 2964 Ἀλε-

246 2993 393 3080 ξάνδρον
421 3002 621 3084 Πτολεμαίῳ
647 2998 696 3084 τῷ
723 2992 842 3078 Λάγου
874 3000 922 3086 τῷ
950 2995 1211 3084 σωματοφύλακι

246 3095 421 3180 καταλέγει
434 3091 525 3162 ἅπαν
542 3093 579 3162 τό
596 3099 749 3182 πρᾶγμα·
769 3090 787 3162 ό
804 3093 842 3162 δέ
852 3092 1059 3190 Ἀλεξάνδρῳ
1075 3101 1209 3184 ἔφρασε.

246 3195 302 3263 καὶ
318 3192 537 3283 Ἀλέξανδρος
563 3196 743 3282 ξυλλαβεῖν
769 3195 897 3265 κελεύει
923 3188 972 3265 τόν
997 3197 1038 3265 τό
1063 3194 1211 3285 ὀνόματα

247 3294 340 3366 εἶπεν
358 3293 377 3365 ό
396 3294 609 3384 Εύρύλοχος·
636 3305 697 3365 καί
718 3286 813 3364 οὗτοι
838 3297 1093 3386 στρεβλούμενοι
1112 3300 1210 3386 σφῶν
1223 3324 1247 3363 ιο

247 3424 283 3466 τε
309 3394 424 3466 αύτολν
456 3413 614 3466 κατεῖπον
645 3397 708 3483 τῆν
736 3399 918 3486 ἐπιβουλὴν
950 3405 1009 3467 καί
1038 3426 1129 3480 τινας
1154 3397 1211 3468 καλ
1305 3453 1306 3470 .

248 3495 373 3577 ἄλλους
400 3493 590 3584 ὠνόμασαν.
