2678 3950
469 245 654 297 mmm
671 247 698 311 ε,
716 249 739 303 1.
758 251 784 298 ε.
1045 244 1109 310 245

144 401 370 491 ἡΑίγυπτία,
397 405 454 474 καὶ
481 401 630 485 άκοόσας
656 400 706 473 ότι
724 403 742 472 ό
758 402 929 492 Ἀκεσίνης
956 403 1110 493 ἐμβάλλει

145 511 195 586 εἰς
220 505 279 574 τόν
294 503 415 591 Ἰνδόν,
444 508 557 587 ἔδοξεν
585 506 796 592 ἐξευρηκέναι
821 511 883 576 τοῦ
903 513 1032 578 Νείλου
1049 505 1109 588 τάς

145 600 267 693 άρχάς,
302 600 347 686 ῦς
379 605 441 674 τόν
468 615 596 677 Νεῖλον
629 608 769 676 ἐνδένδε
795 607 903 676 ποθὲν
936 608 968 688 ἐξ
991 605 1142 676 Ἰνδῦυσ

145 705 327 795 ἀνίσχοντα
353 707 410 775 καὶ
437 702 482 776 δι’
513 708 637 796 ἐρήμου
664 713 790 794 πολλῆς
816 714 879 795 γῆς
906 709 1026 797 ῥέοντα
1051 709 1109 777 καὶ

119 807 251 897 σταότη
270 807 483 878 ἀπολλύοντα
500 807 560 878 τόν
574 808 681 879 Ἰνδόν
697 809 735 879 τό
754 809 873 898 ὄνομα,
896 814 1007 878 ἔπειτα
1024 806 1109 878 ὁπό-

145 919 210 978 θεν
227 909 363 998 ἄρχεται
389 909 443 979 διά
469 915 528 997 τῆς
546 913 744 999 οίκουμέυης
761 907 872 1001 χώρας
890 913 964 1000 ῥεῖν
983 918 1110 980 Νεῖλον

143 1008 208 1097 ἤδη
236 1009 320 1099 πρός
338 1011 518 1081 Αἰθιόπων
544 1038 580 1081 τε
605 1014 674 1080 τῶν
701 1011 807 1101 ταότη
835 1012 892 1080 καὶ
910 1017 1110 1098 Αἰγυπτίαν

145 1111 372 1199 καλούμενον,
406 1111 452 1192 αἱς
474 1110 618 1201 Ὅμηρος
652 1115 808 1200 ἐποίησεν
842 1111 1024 1201 ἐπώνυμον
1051 1117 1111 1199 τῆς

143 1212 323 1298 Αίγόπτου
338 1223 525 1300 Αἴγυπτον,
552 1213 640 1283 οὕτω
667 1212 709 1302 δὴ
738 1212 963 1283 ἐκδιδόντα
990 1217 1023 1294 ἐς
1048 1213 1111 1300 τὴν

105 1345 131 1386 ιο
148 1313 243 1394 ἐντός
267 1315 454 1384 θάλασσαν.
497 1317 555 1384 καὶ
577 1313 619 1402 δὴ
645 1314 805 1402 καὶπρὸς
823 1313 884 1402 τὴν
898 1311 1110 1402 Ὀλυμπιάδα
1127 1323 1144 1371 4

143 1414 317 1504 γράφοντα
343 1415 432 1504 ὑπὲρ
449 1421 518 1484 τῶν
532 1414 652 1486 Ἰνδῶν
668 1421 728 1504 τῆς
746 1421 808 1503 γῆς
826 1414 912 1484 άλλα
931 1441 967 1484 τε
984 1414 1112 1503 γράψαι

143 1517 200 1584 καὶ
226 1515 277 1585 ὅτι
301 1522 417 1604 δοκοίη
444 1515 538 1608 αῦτςῦ
566 1518 783 1606 ἐξευρηκέναι
807 1521 871 1585 τοῦ
898 1522 1025 1586 Νείλου
1051 1515 1111 1596 τάς

144 1615 266 1704 πηγάς,
292 1634 421 1708 μικροῖς
439 1617 482 1704 δή
498 1641 562 1688 τισι
588 1619 644 1687 καὶ
661 1617 805 1706 φαύλοις
823 1615 910 1705 ῦπὲρ
930 1622 1001 1685 τοῖν
1018 1625 1110 1705 τηλι-

145 1717 278 1787 κου’τυν
311 1717 578 1809 τεκμαιρόμενον.
624 1721 698 1788 ἐπεὶ
730 1720 846 1807 μέντοι
872 1717 1144 1808 άτρεκέστερονσ

108 1850 134 1891 ιτ
150 1819 299 1906 ἐξήλεγξε
325 1818 367 1888 τά
394 1817 482 1908 άμφλ
508 1825 557 1912 τῷ
584 1826 724 1912 ποταμῷ
750 1826 800 1911 τῷ
816 1814 926 1910 Ἰνδῷ,
953 1818 1042 1900 οὕτω
1068 1817 1110 1904 δὴ

146 1930 271 2009 μαθεῖν
297 1918 388 2009 παρά
414 1927 484 1990 τῦυ
512 1923 699 2010 ἐπιχωρίων
720 1919 781 1990 τόν
797 1920 859 2009 μὲν
875 1915 1043 2007 Ὑδάσπην
1061 1926 1110 2011 τῷ

143 2019 311 2112 Ἀκεσίνη,
330 2021 391 2092 τόν
405 2021 580 2111 Ἀκεσίνην
597 2022 636 2093 δέ
649 2025 696 2114 τῷ
710 2017 804 2111 Ἰνδῷ
818 2021 857 2090 τό
869 2048 905 2090 τε
917 2020 1012 2107 ὕδωρ
1026 2023 1108 2108 ξυμ*

146 2121 331 2212 βάλλοντας
348 2124 406 2192 καὶ
423 2129 472 2216 τῷ
487 2121 623 2213 ὀνόματι
640 2120 1112 2212 ξυγχωροῦνταςγτδνἸνδόν

147 2224 184 2294 δὲ
213 2225 387 2296 ἐκδιδόντα
413 2223 478 2313 ἤδη
504 2227 538 2307 ἐς
563 2227 624 2313 τάγν
654 2224 803 2320 μεγάλην
828 2224 1024 2310 θάλασσαν,
1057 2227 1113 2292 δί-

108 2359 134 2400 οο
148 2346 272 2414 στομον
289 2323 350 2396 τὸν
361 2325 469 2398 Ἰνδόν
487 2326 581 2414 όντα,
598 2323 702 2395 οῦδέν
718 2353 749 2394 τι
762 2323 854 2416 αὐτῷ
873 2327 1042 2414 προσῆκον
1054 2329 1113 2411 τῆς

146 2429 207 2514 γῆς
225 2429 282 2514 τῆς
300 2434 503 2514 Αἰγυπτίας,
528 2429 709 2515 τηνικαῦτα
727 2425 765 2495 δέ
781 2432 841 2512 τῆς
860 2429 1034 2511 ἐπιστολῆς
1054 2427 1113 2511 τῆς

147 2526 233 2616 πρὸς
258 2526 322 2616 τὴν
348 2529 473 2616 μητέρα
490 2531 591 2596 τοῦτο
618 2524 638 2596 δ
656 2522 745 2614 άμφί
762 2529 809 2618 τῷ
829 2533 945 2618 Νείλῳ
965 2533 1112 2614 ἔγραφεν

148 2626 296 2716 άφελείν.
343 2631 400 2698 καὶ
426 2627 486 2697 τόν
512 2626 706 2698 κατάπλουν
731 2627 789 2696 τὸν
807 2625 891 2696 κατά
908 2627 987 2706 τοῦς
1006 2649 1147 2699 ποια-ο

148 2729 234 2818 μοῦς
265 2735 338 2799 ἐστε
365 2731 420 2798 ἐπὶ
445 2728 507 2818 τὴν
533 2727 682 2817 μεγάλην
707 2728 884 2798 θάλασσαν
912 2731 1114 2798 ἐπινοοῦντα

110 2866 136 2908 25
150 2832 475 2919 παρασκευασθῆναί
498 2833 534 2899 οί
558 2830 613 2899 ἐπὶ
640 2834 726 2922 τῷδε
752 2832 908 2900 κελεῦσαι
933 2829 992 2909 τάς
1017 2830 1112 2909 ναῦς.

149 2937 187 3000 αί
211 2929 245 3000 δ’
265 2931 447 3018 ὑπηρεσίαι
462 2929 555 3024 αὐτῷ
572 2934 606 3012 ἐς
623 2931 683 3011 τάς
700 2934 786 3010 ναῦς
804 2929 1113 3020 ξυνεπληρώθησαν

151 3035 275 3102 ἐκτῶν
295 3033 533 3121 ξυνεπομένων
554 3037 596 3121 τῇ
616 3037 754 3122 στρατιᾷ
769 3041 939 3103 Φοινίκων
960 3032 1016 3100 καὶ
1037 3039 1113 3101 Κυ-

149 3139 259 3222 πρίων
286 3136 343 3204 καλ
370 3139 496 3221 Καρῦν
522 3135 579 3202 καλ
605 3139 814 3220 Αἰγυπτίων.

223 3234 278 3306 Ἐν
304 3235 342 3304 δέ
367 3236 478 3328 τοότηο
497 3243 620 3314 Κοῖνος
646 3237 720 3322 μέν,
748 3237 881 3315 ἐντοῖς
907 3231 1149 3312 πιστοτάτοις2

110 3371 136 3412 ιο
148 3332 354 3428 Ἀλεξάνδρῳ
388 3332 436 3406 οἲν
467 3339 535 3423 τάν
562 3337 715 3426 ἑταίρων,
743 3335 834 3428 νόσῳ
859 3337 1015 3424 τελευτά·
1056 3333 1113 3401 καὶ

149 3442 271 3509 τοῦτον
304 3436 428 3507 θάπτει
460 3438 497 3506 ἐκ
527 3439 596 3505 τάν
629 3437 809 3526 παρόντων
842 3439 1111 3525 μεγαλοπρεπῶς.

149 3539 250 3620 αὐτὸς
284 3538 322 3607 δὲ
354 3535 555 3626 ξυναγαγοδν
585 3537 665 3618 τοῦς
698 3564 733 3608 τε
767 3538 920 3625 ἑταίρους
952 3537 1009 3605 καλ
1042 3533 1113 3604 ὅσοι
