2664 3946
219 187 262 254 τε
576 185 827 245 mamm

219 337 297 418 γίας
314 331 359 418 μή
377 330 557 418 λειφθῆναι
573 339 630 398 καλ
647 329 709 414 τήν
728 326 831 406 δόξαν
848 328 907 414 τῆς
925 325 1111 416 φάλαγγος,
1131 325 1178 408 ῦς

220 431 352 520 ἀμάχου
377 431 420 518 δὴ
440 435 473 511 ἐς
490 430 528 499 τό
546 429 621 498 τότε
638 429 915 517 διαβεβοημένης,
940 427 985 516 μή
1003 427 1176 516 ἀφανίσαι.

185 541 281 602 ἰκαί
309 559 340 600 τι
369 534 427 601 καλ
457 547 529 612 τοῖς
557 531 668 618 γένεσι
694 534 742 622 τῷ
771 557 807 599 τε
834 528 1013 620 Ἑλληνικῷ
1042 531 1099 599 καὶ
1128 534 1177 622 τῷ

221 637 447 725 Μακεδονικῷ
471 639 659 721 φιλοτιμίας
685 632 840 701 ἐνέπεσεν
859 633 893 710 ές
910 629 1086 718 ἀλλήλους.
1119 633 1178 700 καὶ

221 738 372 804 ἐνταῦθα
396 742 509 804 πίπτει
533 732 741 820 Πτολεμαῖός
766 760 802 802 τε
825 731 843 801 δ
869 731 1061 820 Σελεύκου,
1090 731 1177 821 ἀνήρ
1203 761 1217 801 ι

220 835 350 922 ἀγαθός
372 835 552 924 γενόμενος
562 887 573 922 ,
597 837 655 902 καὶ
679 833 773 904 άλλοι
791 837 825 914 ἐς
843 843 947 902 ελιιοσι
962 833 1104 921 μάλιστα
1120 836 1178 904 καὶ

222 937 342 1007 έκοιτὸν
359 939 429 1005 τῶν
446 935 509 1005 οῦκ
525 935 740 1024 ἠμελημένων
758 933 980 1004 Μακεδόνων.

173 1045 210 1112 11
294 1037 349 1108 Ἐν
371 1037 482 1130 τούτῳ
506 1037 545 1106 δὲ
569 1042 608 1106 αλ
628 1035 694 1105 ἀπό
718 1040 779 1105 τοῦ
807 1037 918 1116 δεξιοῦ
936 1036 1042 1124 κέρως
1058 1034 1178 1124 τάξεις,

220 1139 466 1228 τετραμμένους
498 1135 562 1226 ήδη
591 1137 673 1218 τοῦς
704 1137 788 1206 κατά
817 1140 906 1224 σφᾶς
934 1140 1004 1206 τῦν
1034 1140 1177 1227 Περσῶν

220 1239 378 1330 δρῶντες,
398 1243 453 1310 ἐπὶ
469 1239 550 1320 τοῦς
568 1242 686 1319 ξένους
702 1266 738 1309 τε
750 1238 830 1318 τοῦς
848 1238 1081 1327 μισθοφόρους
1094 1239 1177 1318 τοῦς
1192 1267 1217 1307 ιο

221 1349 370 1430 Δαρείου
384 1344 442 1410 καὶ
455 1343 492 1409 τὸ
507 1341 718 1428 πονούμενον
732 1344 829 1427 σφῶν
844 1340 1090 1427 ἐπικάμψαντες
1108 1338 1177 1408 ἀπό

219 1470 256 1513 τε
282 1445 344 1512 τοῦ
376 1447 528 1530 ποταμοῦ
558 1440 736 1510 ἀπώσαντο
765 1440 911 1530 αύτούς,
944 1442 1110 1510 καὶκατὰ
1137 1440 1176 1510 τό

220 1545 437 1634 παρερρωγὸς
460 1545 522 1612 τοῦ
547 1547 715 1630 Περσικοῦ
743 1542 990 1631 στρατεύματος
1018 1543 1177 1632 ῦπερφα-

220 1645 446 1733 λαγγήσαντες
460 1648 494 1724 ἐς
507 1643 548 1712 τά
562 1644 684 1729 πλάγια
700 1643 936 1733 ἐμβεβληκότες
953 1641 1016 1732 ήδη
1036 1650 1177 1712 ἔκοπτον
1214 1714 1217 1722 ,

186 1748 302 1826 2τοῦς
318 1747 445 1827 ξένους·
479 1746 537 1814 καὶ
555 1749 592 1813 ολ
608 1750 720 1824 ἱππεῖς
737 1745 775 1814 δέ
793 1751 829 1814 ολ
842 1748 911 1813 τῦν
930 1749 1073 1834 Περσῶν
1090 1745 1174 1814 κατά
1190 1773 1216 1814 ιι

219 1847 301 1926 τοῦς
326 1846 514 1926 Θετταλούς
537 1848 729 1933 τεταγμένοι
751 1845 814 1915 οέκ
840 1853 972 1933 ἔμειναν
997 1846 1092 1926 ἐντὸς
1113 1850 1175 1916 τοῦ

221 1951 371 2034 ποταμοῦ
391 1950 429 2016 ἐν
447 1946 539 2039 αύτῷ
557 1950 603 2039 τῷ
620 1953 719 2039 ἔργφ,
737 1946 805 2016 ἀλλ’
824 1947 1052 2037 ἐπιδιαβάντες
1066 1947 1176 2036 εῦροό-

220 2068 306 2128 στως
331 2050 512 2137 ἐνέβαλλον
535 2048 667 2128 εἰςτὰς
692 2056 766 2128 ἴλας
789 2053 859 2118 τῶν
884 2052 1070 2120 Θετταλῶν.
1118 2051 1176 2119 καὶ

219 2149 326 2237 ταύτῃ
351 2148 492 2238 ξυνέστη
520 2153 706 2237 ἱππομαχία
729 2149 888 2238 καρτερά·
921 2150 1002 2221 οὐδὲ
1024 2150 1176 2240 πρόσθεν

221 2251 393 2319 ἐνέκλιναν
425 2254 460 2320 ολ
482 2249 610 2339 Πέρσαι
638 2252 720 2337 πρὶν
746 2251 895 2341 Δαρεῖόν
923 2279 960 2322 τε
983 2253 1175 2340 πεφευγότα
1188 2279 1214 2320 ιο

219 2349 369 2440 ᾔσθοντο
392 2353 450 2421 καὶ
472 2353 554 2441 πρὶν
578 2350 809 2441 ἀπορραγῆναι
832 2357 929 2441 σφῦν
955 2353 1037 2433 τοῦς
1054 2364 1175 2441 μισθο-

184 2453 349 2543 δφόρονς
378 2455 607 2540 συγκοπέντας
637 2453 706 2522 ῦπό
729 2458 788 2541 τῆς
812 2454 996 2542 φάλαγγος.
1039 2455 1114 2524 τότε
1137 2454 1176 2524 δὲ

224 2553 288 2641 ήδη
312 2556 449 2644 λαμπρά
470 2583 506 2624 τε
528 2557 586 2624 καὶ
611 2557 648 2624 ἐκ
673 2554 811 2624 πάντων
841 2554 862 2643 ἡ
887 2557 981 2644 φυγὴ
1008 2558 1175 2642 ἐγίγνετο·

218 2657 277 2722 καλ
295 2659 380 2724 οἵτε
396 2658 467 2723 τῶν
481 2659 623 2743 Περσων
642 2659 739 2725 λ’πποι
757 2659 794 2725 ἐν
811 2660 852 2745 πή
872 2655 1078 2744 ἀναχωρήσει
1096 2660 1176 2726 ἐκα-

218 2755 411 2844 κοπάθουν,
428 2757 557 2844 βαρέως
575 2754 806 2844 οἱπλι-σμένους
818 2758 898 2837 τοῦς
912 2757 1062 2847 ἀμβάτας
1077 2761 1176 2846 σφῶν
1188 2783 1214 2826 τι

219 2857 398 2944 φέροντες,
423 2858 481 2924 καὶ
505 2855 603 2926 αὐτοὶ
629 2863 666 2926 οἱ
688 2863 800 2937 λππεῐς
823 2858 907 2928 κατά
931 2860 1049 2941 στενὰς
1073 2859 1177 2941 ὁδούς

219 2956 342 3043 πλήθει
358 2983 395 3026 τε
411 2959 530 3026 πολλοὶ
547 2959 605 3026 καὶ
623 2959 864 3048 πεφοβημένως
877 2959 943 3030 σῦν
956 2959 1076 3053 ἀταξίᾳ
1089 2961 1177 3030 ἀπο-

219 3060 408 3147 χωροῦντες
439 3057 479 3128 οῦ
506 3073 601 3146 μεῖον
629 3058 686 3128 ὑπ’
713 3059 868 3149 ἀλλήλοιν
890 3064 1178 3152 καταπατούμενοι

218 3156 349 3248 ήπρδς
371 3162 440 3228 τῦν
466 3159 657 3228 διωκόντων
676 3170 846 3250 πολεμίων
870 3163 1083 3251 ἐβλάπτοντο.
1118 3166 1177 3234 καὶ

219 3265 256 3329 ολ
279 3263 440 3330 Θετταλοὶ
470 3259 646 3348 εῦρύστως
675 3260 792 3342 αὐτοῖς
816 3264 1001 3352 ἐπέκειντο,
1029 3263 1111 3336 ὥστε
1134 3265 1175 3336 οῦ
1190 3290 1214 3331 ω

219 3375 315 3450 μεῖον
339 3357 360 3449 ή
377 3367 458 3430 τῶν
481 3367 586 3446 πεζῶν
603 3363 711 3451 φόνος
729 3367 766 3433 έν
783 3366 825 3452 τῇ
844 3368 939 3454 φυγή
958 3369 1028 3434 τῶν
1048 3367 1177 3437 ἱππέων

219 3466 382 3552 ἐγίγνετο.
