2650 3948
480 220 666 275 mmm
683 225 708 286 λ,
727 225 753 274 9.
1063 218 1106 286 69
1128 245 1130 248 ·

136 361 185 450 τῇ
216 359 373 450 θαλάσση
403 357 487 429 κατά
511 368 737 450 Παρμενίωνα
760 362 891 448 ἔταξεν,
926 359 976 432 ότι
998 360 1104 453 ταότη

138 460 274 549 μᾶλλόν
290 489 322 530 τι
340 461 504 550 ἱππάσιμα
520 455 579 550 ἦν·
623 464 724 551 μέρος
742 464 784 532 δέ
796 491 826 531 τι
843 460 959 533 αῦτῦν
975 465 1031 533 καί
1050 461 1105 532 ἐπὶ

139 562 182 631 τό
201 559 379 652 εὐώνυμον
396 561 481 653 πρὸς
498 562 539 631 τά
557 563 621 653 όρη
637 564 839 652 παρήγαγεν.
869 562 912 645 ῦς
926 563 964 634 δὲ
978 563 1105 655 άχρεῑοι
1123 568 1153 621 ¹¹

141 661 298 733 ἐνταῦθα
316 663 370 732 διά
390 662 568 752 στενότητα
584 667 653 735 τῶν
670 673 805 754 χωρίων
824 662 1022 755 ἐφαίνοντο,
1048 667 1106 735 καλ

111 764 273 834 οτοότων
301 764 381 846 τοῦς
411 764 557 846 πολλοῦς
586 771 816 852 παριππεῦσαι
844 765 899 836 ἐπὶ
927 767 964 837 τό
995 768 1105 850 δεξιὸν

141 866 245 955 κέρας
279 869 376 954 σφῦν
395 863 580 936 ἐκέλευσεν.
608 863 710 949 αῦτός
728 867 766 937 δὲ
784 881 929 954 Δαρεῖος
946 867 983 938 τό
1002 871 1106 957 μέσον

141 972 203 1055 τῆς
228 967 336 1055 πάσης
353 967 475 1050 τάξεως
493 965 614 1055 ε’πεῑχε,
633 969 787 1057 καθάπερ
805 969 908 1057 νόμος
924 985 994 1051 τοῖς
1013 983 1105 1058 Περ-

143 1072 218 1139 σῶν
239 1072 414 1157 βασιλεῦσι
438 1069 608 1158 τετάχθαι·
643 1070 782 1139 καὶτὸν
806 1073 892 1139 νοῦν
909 1075 967 1158 τῆς
984 1071 1105 1152 τάξεως

142 1169 267 1258 ταύτης
284 1173 447 1257 Ξενοφῶν
464 1167 482 1240 ὁ
499 1173 560 1239 τοῦ
580 1170 735 1258 Γρύλλον
753 1167 998 1260 άναγέγραφεν.

103 1300 130 1342 ιο
219 1271 275 1342 Ἐν
291 1271 402 1364 τούτῳ
416 1272 454 1341 δὲ
467 1271 686 1360 Ἀλέξανδρος
699 1272 843 1342 κατιδών
858 1273 977 1359 ὀλίγον
992 1270 1134 1343 πάσαν9

142 1373 208 1460 τὴν
236 1376 305 1442 τῶν
330 1377 471 1461 Περσῶν
501 1379 607 1442 ἵππον
637 1390 951 1462 μετακεχωρηκυῖαν
984 1377 1039 1444 ἐπὶ
1065 1375 1104 1444 τό

144 1474 325 1562 εὐώνυμον
342 1474 380 1542 τὸ
401 1477 524 1544 ἑαυτοῦ
544 1474 589 1554 τός
607 1475 691 1564 πρός
709 1475 772 1564 τὴν
787 1476 984 1563 θάλασσαν,
1010 1475 1103 1567 αύτῷ

144 1576 184 1645 δὲ
214 1576 294 1656 τοῦς
320 1584 616 1664 Πελοποννησίους
639 1577 767 1664 μόνους
791 1579 848 1646 καλ
871 1577 953 1658 τοῦς
976 1575 1104 1657 ἄλλους

144 1680 215 1746 τῶν
238 1678 420 1765 ξυμμάχων
448 1679 568 1756 ἱππέας
590 1678 697 1767 ταῦτη
714 1681 957 1767 τεταγμένους,
985 1680 1105 1766 πέμπει

106 1807 132 1848 ω
146 1778 231 1847 κατὰ
254 1778 353 1865 τάχος
375 1777 456 1858 τοῦς
476 1780 668 1859 Θεσσαλοὺς
697 1781 818 1859 ἱππέας
839 1782 894 1850 ἐπὶ
911 1779 949 1848 τό
969 1779 1104 1849 ευάίνν-

146 1907 229 1968 μον,
266 1880 427 1960 κελεύσας
456 1879 503 1968 μὴ
535 1879 599 1969 πρὸ
629 1883 690 1949 τοῦ
726 1881 881 1967 μετάπον
909 1885 968 1968 της
997 1882 1105 1970 πάσης

145 1981 269 2063 τάξεως
287 1983 533 2070 παριππεῦσαι,
549 1984 611 2050 τοῦ
630 1983 675 2070 μὴ
693 1999 897 2069 καταφανεῖς
914 1998 987 2063 τοῖς
1004 1991 1101 2052 πολε·

146 2091 235 2170 μίοις
259 2085 417 2170 γενέσθαι
440 2086 736 2172 μεταχωροῦντας,
766 2082 851 2152 άλλά
877 2084 1017 2153 κατόπιν
1046 2088 1105 2171 τῆς

147 2185 322 2272 φάλαγγος
345 2183 486 2272 άφανοὸς
511 2190 668 2254 διελθεῖν.
706 2187 867 2272 προέταξε
889 2185 926 2255 δὲ
949 2189 1019 2253 τῶν
1042 2185 1139 2273 μὲνλ

108 2314 135 2358 το
151 2287 281 2354 ίππέων
298 2284 382 2354 κατὰ
399 2284 437 2353 τό
456 2285 564 2366 δεξιὸν
581 2287 662 2366 τοῦς
680 2286 908 2374 προδρόμους,
926 2277 974 2354 ὧν
991 2287 1105 2374 ἡγεῖτο
1245 2294 1247 2299 ’

148 2387 388 2475 Πρωτόμαχος,
405 2388 463 2456 καὶ
475 2387 557 2466 τοῦς
568 2395 733 2475 Παίονας,
752 2378 800 2456 ὧν
812 2386 925 2475 ἡγεῖτο
932 2386 1105 2476 Ἀρίστων·

147 2491 216 2558 τῶν
245 2488 283 2558 δὲ
307 2490 413 2571 πεζῶν
436 2487 518 2568 τοῦς
541 2489 697 2576 τοξότας,
728 2479 777 2557 ὧν
801 2480 902 2577 ἦρχεν
924 2487 1104 2574 Ἀντίοχος·

147 2590 230 2669 τοῦς
255 2589 293 2660 δὲ
318 2587 515 2678 Ἀγριᾶνας,
547 2580 595 2658 ὧν
619 2580 722 2678 ἦρχεν
739 2587 923 2677 Ἄτταλος,
953 2592 1011 2659 καὶ
1036 2593 1106 2658 τῶν

150 2691 281 2760 ίππέων
302 2690 395 2771 τινάς
417 2694 476 2759 καί
499 2693 569 2759 τῦν
590 2695 736 2772 τοξοτῶν
760 2695 794 2771 ἐς
813 2691 1002 2779 ἐπικαμπὴν
1021 2691 1107 2778 πρός

110 2793 186 2864 τετὸ
204 2789 282 2880 όρος
298 2792 337 2861 τὸ
355 2793 439 2860 κατὰ
456 2791 569 2861 νοίτον
589 2793 719 2880 ἔταξεν,
738 2790 822 2862 ὥστε
838 2792 922 2862 κατά
940 2794 978 2861 τό
997 2793 1106 2874 δεξιόν

150 2892 243 2985 αὐτῷ
261 2894 323 2980 τὴν
340 2893 500 2981 φάλαγγα
519 2897 552 2972 ἐς
570 2893 635 2962 δῦο
653 2895 776 2980 κέρατα
793 2896 971 2980 διέχουσαν
988 2894 1106 2980 τετάχ-

148 3007 226 3083 δαι,
257 2995 294 3064 τὸ
318 2995 382 3082 μὲν
407 2992 452 3075 ὦς
477 2994 561 3082 πρὸς
580 2995 730 3083 Δαρεῖόν
754 3022 789 3064 τε
812 2997 870 3064 καὶ
894 2995 975 3074 τούς
1000 2997 1107 3084 πέραν

148 3101 210 3166 τοῦ
234 3099 386 3184 ποταμοῦ
409 3094 490 3176 τοῦς
515 3095 644 3176 πάντας
663 3097 806 3184 Πέρσας·
846 3096 883 3165 τό
902 3096 940 3165 δὲ
959 3094 1004 3176 τίς
1022 3097 1107 3186 πρὸς

148 3199 230 3277 τοῦς
261 3199 317 3267 ἐπὶ
347 3201 395 3289 τῷ
423 3195 493 3286 όρει
515 3197 598 3265 κατά
624 3197 736 3266 νοότου
751 3201 849 3285 σφῶν
872 3197 1104 3285 τεταγμένους.

113 3301 209 3368 οοτοῦ
241 3298 279 3368 δὲ
308 3297 488 3386 εόωνόμου
513 3299 770 3387 προετάχθησαν
793 3301 862 3367 τῦν
886 3301 991 3380 πεζῶν
1015 3303 1050 3367 οἵ
1071 3312 1140 3367 πελ

151 3401 277 3488 Κρῆτες
294 3399 426 3481 τοξόται
442 3400 499 3468 καί
517 3405 554 3468 οί
569 3402 718 3489 Θρᾷκες,
737 3391 785 3468 ὧν
802 3399 914 3488 ἡγεῖτο
929 3397 1105 3486 Σιτάλκης·

150 3500 214 3590 πρὸ
232 3500 362 3570 τούτων
380 3501 418 3570 δὲ·
435 3500 456 3588 ἡ
476 3505 578 3580 ἵππος
595 3500 616 3588 ἡ
635 3501 718 3568 κατά
736 3500 773 3569 τὸ
793 3499 979 3588 εόαόνυμον.
1016 3504 1053 3568 οί
1068 3499 1108 3567 δὲ
