2590 3948
398 233 584 286 εωεοεειε
606 237 635 295 ο,
656 237 696 288 ιε.
724 237 748 300 ι,
766 239 789 289 1.
1007 233 1071 300 289

109 394 193 476 δρου
222 391 417 478 ἐκρέμασαν.
458 391 631 482 σατράπην
649 391 687 461 δέ
706 394 850 482 Πέρσαις
870 394 960 474 ἔταξε
978 403 1070 463 Πεν-

109 492 230 560 κέσταυ
244 488 304 559 τόν
317 491 596 580 σωματοφύλακα,
611 493 728 562 πιστόν
738 496 777 563 τέ
786 499 823 563 ολ
834 496 866 574 ές
880 492 920 562 τά
930 493 1071 582 μάλιστα

109 593 292 679 τιθέμενος,
314 590 355 659 τά
373 619 407 661 τε
425 591 509 661 ἄλλα
527 595 583 662 καὶ
603 596 657 663 ἐπὶ
675 599 722 685 τῷ
743 597 779 664 έν
797 602 952 675 Μαλλοῖς
971 602 1070 687 ἔργῳ,

110 697 166 762 ἵνα
180 691 463 781 προεκινδύνευσέ
473 721 508 763 τε
525 695 581 764 καὶ
599 697 826 776 συνεξέσωσεν
839 694 1070 787 Ἁλέξανδρον,

83 794 166 864 ικαὶ
192 793 301 873 άλλως
327 799 374 886 τῷ
409 801 601 888 βαρβαρικῷ
628 797 742 889 τρόπῳ
768 801 827 884 τῆς
853 801 981 885 διαίτης
1008 795 1071 866 ούκ

109 892 320 982 άξύμφορον·
354 894 499 982 έδήλωσε
525 897 563 965 δὲ
588 898 714 984 έσθητά
730 924 766 966 τε
783 895 891 978 εύθύς
909 891 955 978 άς
973 925 1070 968 κατε·
1088 920 1105 968 3

109 995 217 1084 στάθη
232 997 453 1084 σατραπεύειν
466 1003 610 1087 Περσῶν
623 1002 725 1085 μόνος
738 1000 806 1067 τάν
821 997 934 1068 ἄλλων
951 1009 1069 1070 Μακε-

108 1096 221 1165 δόνων
252 1095 449 1185 μεταβαλων
481 1096 542 1186 την
574 1097 732 1187 Μηδικὴν
769 1101 826 1168 καὶ
858 1099 977 1188 φωνην
1009 1099 1072 1189 την

110 1197 279 1288 Περσικὴν
308 1197 464 1287 έκμαθοδν
490 1201 546 1267 καὶ
570 1190 674 1268 τάλλα
700 1199 876 1287 ξύμπαντα
895 1204 929 1280 ές
946 1201 1071 1290 τρόπον

71 1332 96 1371 ιο
110 1298 170 1369 τόν
190 1299 358 1388 Περσικόν
383 1300 723 1388 κατασκευασάμενος.
765 1297 818 1389 ἐφ’
848 1297 899 1382 οἷς
915 1297 1070 1384 Ἀλέξαν-

110 1401 190 1490 δρός
216 1425 252 1469 τε
279 1401 394 1490 ἐπῄνει
420 1397 527 1471 αύτδν
553 1403 608 1470 καὶ
636 1405 670 1470 οἱ
687 1402 814 1490 Πέρσαι
840 1400 885 1482 ως
911 1402 951 1472 τά
978 1403 1068 1492 παρά

111 1508 206 1590 σφίσι
232 1499 296 1588 πρό
325 1507 392 1570 τάν
416 1511 569 1594 πατρίων
595 1503 814 1594 πρεσβεύοντι
840 1509 981 1594 ἔχαιρον.

445 1867 738 1952 ΑΡΡΙΑΝΟΥ

246 2017 560 2094 ΑΝΑΒΑΣΕΩΣ
586 2019 938 2104 ΑΛΕΞΑΝΔΡΟΥ

413 2171 565 2224 οιεαιοω
583 2171 767 2228 Ennomon,

517 2310 668 2318 —————

184 2409 241 2492 Ὡς
273 2410 311 2481 δὲ
345 2414 378 2492 ές
405 2414 632 2502 Πασαργάδας
658 2439 695 2481 τε
721 2415 777 2482 καὶ
804 2415 837 2494 ές
864 2412 1106 2500 Περσέπολιν1

111 2511 251 2600 άφίκετο
266 2512 494 2604 Ἀλέξανδρος,
522 2515 628 2594 πόθος
654 2513 814 2602 λαμβάνει
839 2507 945 2582 αύτδν
970 2539 1073 2582 κατα-

71 2645 97 2685 15
112 2619 253 2683 πλεῦσαι
267 2616 350 2682 κατὰ
366 2615 426 2682 τόν
440 2613 624 2703 Εὐφράτην
637 2642 672 2684 τε
685 2615 740 2684 καὶ
753 2614 836 2684 κατά
848 2614 910 2684 τόν
928 2621 1074 2703 Τίγρητα

112 2715 167 2785 ἐπὶ
194 2713 255 2801 την
280 2715 459 2784 θάλασσαν
483 2716 545 2804 τὴν
564 2715 731 2805 Περσικὴν
756 2717 812 2785 καὶ
830 2719 899 2784 τάν
916 2743 951 2786 τε
969 2741 1071 2786 ποτα·

110 2819 186 2906 μῶν
214 2820 301 2885 ι’δεῖν
318 2816 377 2896 τάς
396 2815 534 2906 έκβολάς
552 2816 611 2897 τάς
627 2821 659 2899 ές
676 2818 737 2887 τὸν
755 2817 891 2904 πόντον,
918 2817 1073 2908 καθάπερ

110 2922 175 2987 τού
204 2916 332 3004 Ἰνδοῦ,
364 2917 420 2985 καὶ
445 2917 506 3004 τὴν
530 2919 638 3008 ταύτη
664 2920 849 2990 θάλασσαν.
893 2922 929 2988 ολ
953 2919 991 2990 δὲ
1016 2921 1108 3001 καὶς

111 3018 192 3088 τάδε
229 3014 444 3106 ἀνέγραψαν,
487 3016 538 3088 ὅτι
571 3019 699 3090 ἐπενόει
727 3019 944 3105 Ἀλέξανδρος
978 3047 1073 3110 περι·

70 3149 98 3189 εο
114 3123 256 3189 πλεῦσαι
274 3119 335 3208 τήν
354 3147 390 3189 τε
398 3117 559 3211 Ἀραβίαν
572 3121 634 3208 τὴν
655 3121 783 3209 πολλὴν
804 3121 860 3190 καὶ
872 3119 935 3207 την
948 3121 1072 3194 Αἰθιό-

113 3246 187 3290 πων
206 3221 340 3308 γῆνκαὶ
358 3220 421 3308 τὴν
434 3219 565 3311 Λιβύην
583 3248 619 3290 τε
636 3222 692 3289 καὶ
709 3221 790 3301 τούς
808 3220 970 3310 Νομάδας
984 3221 1072 3311 ύπέρ

113 3319 347 3392 τόν”Ατλαντα
373 3322 411 3392 τό
438 3322 516 3410 όρος
544 3321 588 3403 ιός
616 3324 671 3391 έπλ
690 3322 834 3412 Γάδειρα
860 3331 940 3392 ελσω
959 3324 993 3403 ές
1010 3323 1072 3411 τὴν

114 3421 278 3512 ἡμετέραν
290 3425 483 3493 θάλασσαν·
502 3425 558 3494 καὶ
572 3423 635 3512 τὴν
650 3424 779 3513 Λιβύην
792 3451 828 3494 τε
841 3424 1073 3514 καταστρεψά-

112 3550 214 3613 μενος
241 3523 298 3592 καλ
324 3523 522 3615 Καρχηδόνα
557 3525 647 3595 οὕτω
679 3526 721 3614 δὴ
747 3529 803 3612 τῆς
827 3522 939 3605 Ἀσίας
965 3523 1073 3615 πάσης

165 3645 293 3688 mmm
837 3641 869 3691 19
