2590 3948
239 231 302 298 308
587 223 842 287 ιιυωιυιοου

239 419 304 471 τως
331 388 415 458 εἶναι
454 389 539 477 πρὸς
577 391 693 473 θυμοῦ
720 385 812 478 αὐτῷ
835 384 1066 478 Ἀντίπατρον.
1094 381 1206 427 ****

236 487 450 579 Ἡφαιστίων.

158 677 161 688 ι
193 609 231 674 13
326 594 444 682 Τοῦτῳ
462 596 509 681 τῶ
527 589 618 682 λόγῳ
636 587 820 670 ῦπείξαντα
829 587 1055 677 Ἡφαιστίωνα
1070 598 1204 659 συναλ·

240 698 382 781 λαγῖγναι
409 689 566 779 Εῦμένει,
592 689 655 777 οὐχ
674 689 792 760 ἑκόντα
817 691 935 762 ἑκόντι.
976 695 1013 761 ἐν
1030 690 1140 780 ταύτῃ
1159 696 1206 778 τῇ

241 790 311 886 ὁδῷ
337 795 394 862 καὶ
420 793 458 861 τδ
492 798 610 862 πεδίον
642 793 770 879 λέγεται
807 798 892 862 ίδεῑν
916 791 1139 880 Ἀλέξανδρον
1165 792 1205 860 τὸ
1231 819 1242 858 ε

241 897 418 983 άνειμένον
426 908 498 973 ταῖς
507 897 622 972 ἵπποις
635 909 708 973 ταῖς
722 901 920 981 βασιλικαῖς,
935 894 1021 962 αάτό
1033 921 1069 962 τε
1082 899 1207 963 πεδίον

242 1001 396 1064 Νυσαίου
412 993 620 1081 καλούμενον
636 994 694 1062 καὶ
711 1000 751 1062 αί
766 999 861 1064 ἵπποι
879 992 929 1063 ὅτι
939 1002 1087 1064 Νυσαῖοι
1103 1002 1207 1082 κληΐ-

241 1108 350 1182 ζονται
367 1096 454 1181 λε’γει
468 1095 659 1182 Ἡρόδοτος·
687 1093 773 1164 εἶναι
790 1094 828 1165 δὲ
846 1095 947 1164 πάλαι
959 1096 1021 1184 μὲν
1036 1099 1069 1176 ἐς
1083 1122 1206 1165 πεντε-

243 1204 382 1268 καίδεκα
399 1196 564 1285 μυριάδας
582 1202 651 1265 τῶν
669 1200 797 1264 ἵππων·
836 1196 911 1266 τότε
928 1197 967 1266 δὲ
981 1195 1207 1286 Ἀλέξαυδρου

243 1299 284 1370 οῦ
315 1299 402 1368 πολῦ
437 1305 594 1377 πλείονας
626 1299 695 1365 τῶν
726 1299 826 1366 πέντε
859 1305 1074 1385 καταλαβεῖν·
1120 1299 1239 1385 πρδςιι

244 1406 377 1491 ληστῶυ
403 1400 469 1487 γάρ
496 1401 721 1485 διαρπαγῆναι
746 1398 806 1478 τάς
832 1400 957 1480 πολλάς
983 1399 1108 1469 αὐτῶν.

209 1540 225 1587 2
316 1499 484 1572 Ἐνταῦθα
501 1503 659 1585 λέγουσιν
677 1496 727 1568 ὅτι
736 1497 938 1589 Ἀτροπάτης
956 1499 974 1568 0‘
993 1505 1052 1589 της
1066 1507 1208 1590 Μηδίας

243 1605 415 1692 σατράπης
449 1616 614 1687 γυναῖκας
641 1599 758 1670 ἑκατόν
793 1599 885 1694 αὐτῷ
923 1608 1044 1690 ἔδωκε,
1078 1603 1208 1682 ταύτας

242 1704 384 1795 φάσκων
420 1701 506 1772 εἶναι
537 1705 606 1770 τῶν
629 1699 831 1791 Ἀμαζόνων,
863 1704 919 1772 καὶ
944 1704 1069 1784 ταύτας
1096 1710 1208 1792 σκευῇ

243 1807 378 1894 ἀνδρῶν
397 1805 526 1872 ίππέων
545 1804 757 1892 ἐσταλμένας,
775 1803 863 1891 πλήν
880 1831 919 1890 γε
936 1806 976 1892 δὴ
992 1803 1043 1873 ὅτι
1055 1808 1239 1885 πελέκειςσ

245 1908 320 1977 άντὶ
347 1902 501 1994 δοράτων
528 1903 675 1992 ἐφόρουν
701 1906 758 1972 καὶ
785 1904 859 1973 άυτῖ
886 1905 1039 1975 ἀσπίδων
1066 1908 1209 1986 πέλτας·

246 2015 282 2078 οἵ
302 2007 413 2077 δὲκαὶ
437 2003 499 2074 τόν
515 2005 644 2092 μαστόν
661 2007 817 2092 λέγουσιν
835 2004 885 2074 ὅτι
901 2015 1018 2095 μείονα
1036 2007 1133 2094 εἶχον
1151 2009 1210 2077 τὸν

213 2145 229 2192 3
247 2108 367 2195 δεξιόν,
384 2103 424 2176 ὃν
442 2106 484 2194 δὴ
502 2108 559 2174 καὶ
578 2109 640 2188 ἔξω
659 2106 749 2192 εἶχον
776 2110 813 2176 ἐν
829 2123 903 2187 ταῖς
919 2108 1045 2195 μάχαις.
1081 2111 1210 2188 ταύτας

246 2213 309 2299 μὲν
334 2209 377 2297 δὴ
402 2205 590 2287 ἀπαλλάξω
605 2211 663 2293 τῆς
682 2210 835 2296 στρατιάς
855 2206 1085 2298 Ἀλέξανδρον,
1112 2211 1211 2299 μήτι

245 2316 479 2399 νεωτερισθείη
496 2306 570 2377 κατ’
599 2308 704 2390 αὐτάς
728 2313 761 2390 ἐς
778 2309 880 2401 ῦβριν
898 2311 982 2396 πρὸς
999 2316 1068 2378 τῶν
1087 2321 1212 2382 Μακε-
1223 2335 1243 2372 ν

247 2413 358 2483 δόνων
383 2407 405 2497 ἢ
430 2409 628 2498 βαρβάρων·
668 2415 822 2480 κελεῦσαι
848 2411 886 2480 δὲ
904 2411 1106 2499 ἀπαγγείλαι
1126 2415 1213 2499 πρὸς

129 2541 134 2552 “
246 2516 308 2602 τὴν
333 2520 534 2602 βασίλισσαν
561 2518 657 2599 σφῶν
683 2511 735 2580 ὅτι
761 2510 864 2592 αὐτός
889 2511 959 2599 ἥξει
985 2512 1071 2602 πρός
1098 2511 1213 2602 αὐτὴν

247 2611 574 2701 παιδοποιησόμενος.
601 2617 707 2681 ταῦτα
720 2612 759 2681 δὲ
772 2611 851 2682 οῦτε
862 2609 1118 2702 Ἀριστόβουλος
1133 2615 1214 2685 οῦτε

250 2724 456 2803 Πτολεμαῖος
474 2712 552 2782 οῦτε
576 2739 625 2792 τις
652 2711 750 2793 ἵλλος
768 2712 959 2804 άυέγραψεν
985 2714 1074 2797 ὅστις
1094 2718 1215 2797 ἱκανὸς

215 2851 231 2897 4
248 2815 336 2906 ὑπὲρ
353 2819 421 2884 τῶν
438 2812 599 2882 τοιούτων
616 2821 847 2904 τεκμηριῶσαι.
887 2812 970 2886 οῦδὲ
988 2823 1084 2886 δοκεῖ
1097 2847 1159 2906 μοι
1177 2822 1245 2886 ἕνα

249 2925 296 3011 τῶ
328 2917 402 2986 τότε
437 2914 597 2997 σῶζεσθαι
622 2914 660 2984 τό
688 2918 785 3003 γένος
810 2923 879 2986 τῶν
902 2913 1102 3008 Ἀμαζόνων,
1133 2915 1214 2988 οὐδ’

250 3025 299 3088 ἔτι
315 3017 380 3104 πρδ
390 3014 623 3104 Ἀλεξάνδρου,
641 3013 839 3105 ἣΞευοφῶν
856 3016 899 3087 οἵν
914 3020 1064 3107 ἐμνήσθη
1079 3016 1216 3107 αὐτῶν,

252 3121 432 3191 Φασιανῶν
458 3143 494 3184 τε
519 3119 683 3205 μνησθεὶς
708 3119 763 3186 καὶ
782 3118 923 3208 Κόλχων
949 3123 1006 3188 καὶ
1033 3119 1099 3189 ὅσα
1127 3121 1218 3190 ἄλλα

250 3220 315 3290 άπδ
336 3220 582 3307 Τραπεζοῦντος
596 3217 784 3307 δρμῶμευοι
796 3214 818 3306 ἢ
831 3223 913 3309 πρὶν
928 3224 961 3302 ἐς
976 3225 1218 3309 Τραπεζοῦντα

250 3330 428 3390 κατελθεῖν
466 3322 503 3385 οἵ
520 3315 679 3405 Ἕλληνες
712 3323 860 3408 ἐπῆλθον
895 3327 978 3410 ἐθυη
1011 3325 1247 3413 βαρβαρικῶν

252 3427 372 3509 ἵναπερ
390 3420 448 3488 καὶ
465 3431 538 3496 ταῖς
551 3416 723 3505 Ἀμαζόσιν
750 3423 1006 3510 ἐντετυχήκεσαν
1033 3422 1090 3513 άν,
1118 3436 1219 3514 είπερ
1258 3509 1259 3516 ρ

221 3549 237 3598 5
254 3512 316 3589 οῦν
335 3528 381 3590 ἐτι
398 3511 485 3607 ἦσαν
500 3512 681 3604 Ἀμαζόνες.
722 3519 766 3608 μὴ
784 3524 941 3608 γενέσθαι
957 3525 1019 3612 μὲν
1036 3525 1102 3613 γάρ
1124 3552 1221 3596 παν-
