2650 3948
227 283 269 350 68
578 279 827 343 ΑΛΕΞΑΝΔΡΟΤ

197 445 213 495 6
230 423 309 495 καθ’
329 419 474 513 ἡσυχίαν
492 425 671 507 συντάξειε.
697 425 754 493 καλ
772 424 925 513 πρώτους
938 421 1002 512 μὲν
1015 429 1076 492 τοῦ
1090 420 1184 493 όπλι·

230 533 322 597 τικού
348 527 427 606 τούς
448 526 610 613 Ἕλληνας
638 524 718 606 τούς
748 525 977 614 μισθοφόρους
1006 526 1121 606 ἔταξεν
1151 523 1186 605 ἐς

229 635 448 717 τρισμυρίους
479 627 561 696 κατά
592 625 656 714 τήν
681 625 837 714 φάλαγγα
863 633 932 695 τῶν
956 625 1184 696 Μακεδόνων

230 725 286 798 ε’πὶ
311 727 348 798 δὲ
372 728 501 808 τούτοις
528 733 597 797 τῶν
619 727 809 816 Καρδάκωυ
838 729 1054 816 καλουμένων
1084 733 1187 796 ἔνθεν

229 832 286 898 καὶ
315 836 417 899 ίυθεν
443 827 476 909 ἒς
501 829 766 916 ἔξακισμυρίους·
806 826 938 898 ὁπλῖται
961 827 999 898 δὲ
1021 821 1108 916 ἦσαν
1129 829 1187 896 καὶ
1212 860 1227 902 ε

231 925 333 1000 οὗτοι.
367 929 549 1010 τοσούτους
571 929 637 1019 γάρ
661 929 718 999 ε’πὶ
735 929 906 1016 φάλαγγος
924 927 1031 1017 άπλής
1056 927 1187 1016 ἐδέχετο

197 1032 267 1100 λτό
285 1037 409 1122 χωρίον
434 1036 490 1100 ἵνα
515 1026 702 1100 ἐτάσσοντο.
746 1028 880 1110 ἐπέταξε
903 1031 941 1100 δὲ
966 1032 1092 1123 καὶτῷ
1115 1029 1188 1118 ὄρει

230 1138 277 1224 τῷ
302 1131 339 1201 ἓν
363 1131 518 1222 άριστερᾷ
543 1139 640 1219 σφῶν
663 1131 746 1200 κατὰ
768 1131 804 1200 τό
827 1130 1047 1219 Ἀλεξάνδρου
1077 1129 1187 1211 δεξιόν

232 1231 266 1314 ἐς
279 1239 492 1322 δισμυρίους·
519 1232 716 1302 καὶτούτων
730 1239 820 1302 ἔστιν
833 1240 869 1302 οἳ
883 1231 964 1302 κατά
982 1233 1092 1302 νότου
1111 1230 1186 1318 ἐγί-

231 1362 329 1403 νοντο
353 1341 410 1422 τής
432 1330 651 1423 Ἀλεξάνδρου
676 1339 838 1422 στρατιάς.
879 1332 916 1403 τό
940 1333 1005 1423 γάρ
1029 1332 1107 1422 ὅρος
1130 1338 1187 1402 ἵνα
1201 1365 1226 1406 ιο

233 1434 462 1523 ἐπετάχθησαν
475 1441 521 1522 πή
532 1433 595 1522 μὲν
608 1434 758 1522 διεχώρει
771 1433 804 1514 ἒς
821 1434 928 1522 βάθος
945 1443 1001 1504 καὶ
1018 1435 1188 1514 κολπῶδές

231 1566 262 1605 τι
292 1535 398 1606 αὐτοῦ
430 1536 542 1623 ὥσπερ
571 1533 609 1606 ἒν
637 1535 794 1626 θαλάσσῃ
825 1533 967 1622 ἐγίνετο·
1012 1542 1123 1605 ἔπειτα
1153 1533 1188 1615 ἒς

232 1634 422 1726 ἐπικαμπὴν
435 1635 556 1727 προλόν
572 1635 652 1717 τούς
670 1635 726 1706 ε’πὶ
742 1652 815 1717 ταῖς
832 1635 1012 1726 ύπωρείαις
1028 1638 1186 1725 τεταγμί·

232 1765 312 1818 νονς
344 1737 483 1807 κατόπιν
514 1744 575 1806 τού
607 1741 719 1820 δεξιοῦ
751 1739 855 1826 κέρως
886 1743 947 1808 τοῦ
969 1736 1188 1827 Ἀλεξάνδρου

199 1853 217 1906 0
234 1835 346 1909 ε’ποίει.
372 1838 410 1908 τδ
424 1838 462 1908 δὲ
476 1837 556 1908 ἄλλο
570 1845 698 1927 πλῆθος
715 1835 821 1908 αύτοῦ
839 1845 947 1922 ψιλῶν
964 1867 999 1908 τε
1016 1841 1072 1907 καὶ
1090 1837 1187 1908 ὁπλι-
1201 1869 1226 1912 ιε

231 1945 311 2026 τόν,
330 1939 412 2009 κατά
426 1947 509 2027 ἔθνη
527 1941 791 2028 συντεταγμένον
809 1939 843 2020 ἒς
859 1939 965 2027 βάθος
982 1943 1046 2010 οὐκ
1064 1937 1187 2027 τόφέλι-

233 2068 309 2130 μον,
328 2040 469 2110 ὄπισθεν
482 2034 526 2128 ήν
542 2047 611 2109 τῶν
625 2035 793 2128 Ἑλλήνων
809 2045 879 2110 τῶν
896 2041 1114 2130 μισθοφόρων
1132 2042 1188 2110 καὶ

233 2146 294 2210 τού
317 2139 373 2210 ἐπὶ
397 2143 566 2228 φάλαγγος
589 2144 791 2230 τεταγμένου
808 2146 1024 2230 βαρβαρικοῦ.
1058 2139 1188 2228 ἐλέγετο

234 2241 299 2330 γάρ
321 2240 342 2331 ἡ
367 2246 457 2312 πάσα
474 2241 494 2330 ή
514 2241 577 2325 ξύν
595 2251 730 2335 Δαρείφ
749 2243 882 2332 στρατιά
899 2244 1042 2332 μάλιστα
1060 2241 1094 2324 ἒς
1113 2243 1188 2331 ἑξή-

234 2371 335 2413 κοντα
351 2344 515 2434 μυριάδας
531 2351 695 2432 μαχίμους
713 2343 807 2412 εἶναι.
1199 2377 1226 2419 2⁰

200 2459 219 2513 θ
307 2443 523 2534 Ἀλεξανδρος
537 2445 585 2530 δέ,
605 2443 649 2524 ὡς
667 2442 756 2537 αύτῷ
775 2444 889 2532 πρόσω
909 2445 993 2516 ίόντι
1009 2443 1046 2516 τό
1065 2451 1189 2534 χωρίον

252 2548 382 2635 διέσχεν
404 2546 521 2634 ὀλίγον
545 2543 579 2625 ἒς
604 2545 741 2633 πλάτος,
772 2546 944 2635 παρήγαγε
960 2547 1039 2628 τούς
1058 2549 1188 2634 ίππίας,

235 2647 314 2728 τούς
338 2676 373 2717 τε
399 2650 548 2737 ἑταίρους
571 2647 798 2734 καλουμένους
821 2650 877 2716 καὶ
898 2646 978 2729 τούς
997 2646 1189 2728 Θεσσαλούς

237 2749 293 2817 καὶ
309 2748 387 2829 τούς
401 2747 612 2827 Μακεδόνας.
647 2748 703 2814 καὶ
719 2747 859 2828 τούτους
876 2747 939 2836 μὲν
957 2748 1013 2818 ἐπὶ
1030 2753 1076 2841 τῷ
1095 2749 1189 2840 δεξιῷ

235 2850 316 2939 κέρᾳ
339 2846 406 2938 ἅμα
431 2845 467 2919 οἷ
486 2851 593 2930 ἔταξε·
631 2845 710 2928 τούς
733 2847 770 2916 δὲ
797 2847 834 2916 ἐκ
853 2848 1114 2937 Πελοποννήσου
1133 2851 1226 2923 καλεε

235 2949 272 3019 τό
297 2949 379 3020 άλλο
401 2950 438 3019 τό
457 2948 666 3038 συμμαχικόν
684 2945 739 3016 ε’πλ
756 2948 793 3018 τό
812 2948 989 3040 εύάνυμον
1007 2954 1127 3040 πέμπει
1144 2945 1189 3032 άς

238 3061 471 3141 Παρμενίωνα.

149 3189 151 3194 ·
188 3165 219 3214 ¹⁰
313 3167 457 3241 Δαρεῖος
480 3153 535 3236 δέ,
567 3149 612 3232 τός
636 3154 883 3242 συντεταγμένη
904 3153 970 3241 ήδη
993 3145 1037 3240 ήν
1060 3147 1190 3245 αύτῷή

237 3253 378 3342 φάλαγξ,
396 3251 474 3334 τούς
493 3255 613 3332 ίππὲας
631 3251 785 3334 οὕστινας
804 3254 868 3342 πρό
886 3257 946 3323 τοῦ
966 3257 1115 3341 ποταμοῦ
1134 3251 1190 3322 ἐπὶ

236 3359 322 3448 τῷδε
345 3353 536 3444 προτετάχει
557 3354 647 3433 ὅπως
664 3351 823 3440 άσφαλῶς
841 3354 931 3448 αύτῷ
949 3350 970 3442 ή
988 3354 1114 3436 ἔκταξις
1131 3357 1189 3443 τῆς
1201 3388 1228 3429 ιο
1314 3431 1315 3434 ,

238 3459 388 3545 στρατιάς
405 3457 552 3544 γένοιτο,
576 3453 776 3524 άνεκάλεσεν
793 3453 859 3524 άπό
879 3455 1099 3545 ξυνθήματος.
1134 3458 1190 3526 καὶ

236 3558 366 3627 τούτων
389 3557 467 3639 τούς
490 3556 553 3646 μὲν
576 3553 723 3635 πολλούς
748 3551 803 3623 ἐπὶ
826 3559 871 3649 τῷ
896 3557 991 3650 δεξιῷ
1010 3560 1091 3649 κε’ρα
1108 3557 1190 3648 πρός
1288 3637 1291 3642 ,
