2678 3950
220 236 283 302 252
571 232 823 293 Δαεωιυαεου

221 400 278 468 καὶ
310 395 392 478 τούς
423 394 602 485 Ἀγριᾶνας
634 393 719 483 πρός
752 393 858 481 άλλην
893 394 992 463 πόλιν
1028 393 1186 480 ἐκπέμπει

222 527 292 569 τιν
318 503 484 585 Μαλλῶν,
511 493 546 566 οἷ
571 495 843 584 ξυμπεφευγότες
868 485 955 584 ἦσαν
981 495 1099 563 πολλοὶ
1116 496 1187 562 τῶν
1316 515 1317 580 γ

220 599 328 689 ταάτη
342 600 472 685 Ἰνδῶν,
491 596 678 685 φυλάσσειν
690 596 770 676 τοδς
783 599 821 666 ἐν
838 602 882 685 τῇ
899 595 995 664 πόλει
1011 594 1184 682 κελεύσας,

223 707 325 790 ἐργου
352 700 391 770 δδ
415 699 460 788 μη
489 705 623 787 ἔχεσθαι
650 696 718 768 ἐστ’
746 694 789 766 ἂν
815 696 974 786 ἀφίκηται
998 695 1112 783 αὐτός,
1138 694 1185 776 ῶς

222 804 307 892 μηδὲ
340 797 406 872 άπδ
433 799 557 886 ταύτης
581 801 641 886 τῆς
673 798 803 880 πόλεως
837 799 1066 887 διαφυγόντας
1091 799 1211 878 τινάςι

224 903 339 973 αὐτῶν
373 901 538 989 ἀγγέλους
568 900 729 987 γενέσθαι
762 915 832 980 τοῖς
867 899 979 980 ἄλλοις
1004 897 1186 988 βαρβάροις

223 1003 273 1074 ὅτι
291 1003 453 1095 προσάγει
468 1002 533 1090 ἥδη
543 999 779 1088 Ἀλέξανδρος·
808 998 911 1081 αότδς
924 1001 963 1070 δὲ
977 1003 1187 1089 προσέβαλλε

189 1125 205 1174 5
222 1112 269 1198 τῶ
285 1112 394 1193 τείχει.
421 1109 456 1173 οί
471 1103 509 1172 δέ
526 1102 691 1192 βάρβαροι
706 1102 744 1172 τό
763 1102 826 1191 μέν
838 1119 946 1189 τεῖχος
961 1106 1185 1187 ἐκλείπουσιν,

225 1206 270 1288 ῶς
288 1204 351 1276 οὐκ
377 1202 420 1274 ἂν
439 1202 703 1292 διαφυλάξαντες
728 1201 813 1272 αὐτὸ
840 1209 898 1291 ἐτι,
926 1208 1062 1272 πολλῶν
1089 1206 1126 1272 ἐν
1142 1207 1185 1292 τῇ

223 1307 405 1396 καταλήψει
429 1305 655 1393 τεθνηκότων,
681 1307 751 1373 τῶν
768 1304 806 1373 δέ
823 1305 881 1374 καὶ
898 1303 965 1374 άπὸ
982 1303 1185 1393 τραυμάτων
1198 1333 1224 1372 ω

223 1408 407 1497 ἀπομάχων
433 1408 681 1496 γεγενημένων·
723 1407 757 1486 ἐς
783 1405 821 1475 δέ
838 1405 902 1494 την
925 1405 1033 1495 άκροιν
1050 1407 1186 1494 ξυμφυ-

224 1510 341 1596 γόντες
367 1509 491 1600 χρόνον
515 1509 578 1596 μέν
594 1533 667 1574 τινα
693 1503 862 1594 ἠμύνοντο
881 1508 914 1588 ἐξ
932 1504 1133 1596 ὑπερδεξίου
1151 1533 1186 1576 τε

223 1617 350 1699 χωρίου
364 1611 422 1679 καὶ
435 1614 584 1698 χαλεποῶ
599 1608 633 1686 ἐς
647 1607 857 1696 προσβολήν·
882 1609 1132 1695 προσκειμένων
1147 1607 1186 1676 δέ

224 1712 396 1782 πάντοθεν
428 1705 605 1796 εάρῶστως
638 1715 708 1778 τῶν
735 1709 948 1779 Μακεδόνων
984 1710 1042 1778 καὶ
1077 1709 1185 1778 αὐτοῦ

221 1811 442 1899 Ἀλεξάνδρου
469 1809 588 1880 ἄλλοτε
606 1805 694 1899 άλλη
714 1811 973 1898 ἐπιφαινομένου
990 1816 1039 1902 τῶ
1057 1808 1185 1902 ἐργφῆ
1200 1841 1222 1880 υ

223 1942 259 1984 τε
285 1912 371 2001 άκρα
396 1911 480 1981 κατά
509 1911 631 1998 κράτος
659 1911 744 1982 ἑάλω
770 1912 827 1980 καὶ
844 1915 879 1980 οί
899 1912 1133 1998 ξυμφυγόντες
1152 1915 1185 1992 ἐς

225 2012 334 2102 αὐτὴν
366 2013 488 2094 πάντες
522 2011 713 2082 άπέθανου·
753 2003 840 2101 ἦσαν
866 2012 904 2081 δὲ
931 2011 965 2092 ἐς
992 2018 1184 2100 δισχιλίους.

190 2131 206 2180 ο
303 2119 493 2204 Περδίκκας
519 2113 558 2182 δέ
584 2111 619 2194 ές
635 2115 699 2201 την
726 2115 825 2184 πόλιν
851 2112 906 2200 ἐφ’
927 2110 1045 2200 ἥντινα
1062 2111 1184 2204 έστάλη

224 2215 427 2305 άφικόμενος
452 2213 516 2303 τὴν
541 2213 604 2304 μὲν
630 2217 729 2285 πόλιν
763 2209 890 2303 ἐρήμην
923 2216 1184 2304 καταλαμβάνει·

223 2317 347 2407 μαθῶν
372 2316 411 2386 δὲ
434 2314 483 2385 ’ότι
499 2315 541 2386 οό
560 2315 627 2404 πρό
646 2320 774 2386 πολλοῦ
793 2313 1007 2403 πεφεύγεσαν
1024 2312 1059 2398 ἐξ
1078 2315 1183 2405 αὐτῆς
1197 2346 1224 2386 κο

224 2425 260 2490 οί
293 2417 502 2498 ἐνοικοῶυτες
536 2418 650 2510 δρόμῳ
683 2416 810 2504 ἤλαυνε
844 2415 928 2486 κατά
966 2424 1082 2506 στίβον
1115 2425 1185 2486 τῶν

224 2519 438 2608 φευγόντων·
482 2521 517 2588 οί
540 2519 579 2588 δέ
614 2519 705 2600 ψιλοὶ
732 2516 777 2598 ῶς
801 2518 925 2604 τάχους
953 2524 1068 2588 ποδῶν
1095 2518 1185 2606 εἶχον

224 2620 317 2714 αὐτῷ
352 2617 540 2709 ἐφείποντο.
593 2618 792 2707 καταλαβῶν
826 2620 864 2688 δὲ
890 2623 959 2687 τῶν
985 2620 1185 2707 φευγόντων

223 2724 408 2803 κατέκοψεν
440 2720 512 2790 ὅσοι
544 2747 584 2807 γε
614 2721 660 2809 μὴ
696 2728 853 2808 ἔφθασαν
885 2718 921 2800 ές
947 2719 988 2788 τά
1015 2723 1073 2808 ἕλη
1099 2723 1184 2810 ξυμ-

224 2823 402 2912 φυγόντες.
1199 2853 1226 2895 εε

189 2935 207 2998 7
297 2922 513 3009 Ἀλέξανδρος
541 2920 579 2990 δέ
605 2922 945 3011 δειπνοποιησάμενός
971 2925 1081 2992 τεκαὶ
1099 2922 1184 2992 άνα-

224 3022 358 3101 παάσας
375 3020 456 3102 τοδς
475 3017 562 3109 ἄμφ’
582 3021 689 3091 αὐτόν
708 3029 779 3094 ἔστε
797 3020 853 3092 έπὶ
871 3024 1008 3112 πρῶτην
1026 3025 1187 3112 φυλακην

224 3121 276 3214 ᾔει
306 3128 369 3192 ποῶ
405 3122 536 3208 πρόσω·
580 3123 637 3191 καὶ
662 3122 724 3210 τὴν
748 3124 857 3194 νύκτα
884 3124 1032 3195 διελθῶν
1057 3127 1186 3212 πολλὴν

225 3221 306 3294 ὁδόν
325 3223 393 3313 ἅμα
410 3223 517 3315 ἡμέρᾳ
535 3221 673 3311 άφίκετο
698 3224 783 3312 πρός
799 3225 861 3294 τόν
874 3220 1065 3314 ’Ῥδραιότην
1082 3251 1185 3296 ποτα-

224 3327 298 3416 μόν.
345 3332 430 3396 ἔνθα
448 3325 490 3414 δη
508 3330 578 3394 τῶν
596 3328 749 3395 Μαλλῶν
766 3324 847 3406 τούς
865 3326 927 3415 μὲν
946 3327 1091 3408 πολλούς
1110 3333 1184 3396 δια·
1199 3361 1226 3401 ω

224 3427 404 3515 βεβηκότας
436 3425 501 3515 ἤδη
534 3433 657 3514 ἔμαθε,
690 3439 761 3508 τοῖς
793 3426 832 3496 δέ
864 3429 920 3496 καὶ
955 3434 1187 3516 διαβαίνουσιν

224 3527 460 3616 ἐπιγενόμενος
478 3529 555 3618 περὶ
576 3526 682 3598 αὐτὸν
699 3527 760 3598 τόν
777 3529 885 3618 πόρου
903 3528 1050 3609 πολλοδς
1067 3524 1186 3600 αὐτῶν
