2590 3948
231 277 295 339 294
574 273 825 330 ελεωευιεον

198 432 465 522 σφθειρόμενου.
491 433 548 500 καλ
575 436 615 502 αί
636 433 673 500 έν
699 434 904 519 Γαδρωσίοις
928 430 968 501 δὲ
990 429 1084 524 αύτῷ
1108 434 1201 518 ξυμ·

231 536 335 623 φοραί
359 537 608 620 ξυνενεχθεῖσαι
634 539 682 618 ἔτι
696 535 824 620 μᾶλλον
843 535 971 621 έπῆραν
987 533 1067 614 τούς
1083 533 1198 622 ταύτῃ

231 635 501 722 σατραπεύοντας
510 636 761 722 καταφρονῆσαι
775 629 881 703 αύτοῦ
894 636 952 720 τῆς
966 644 1050 703 οίκοι
1064 629 1198 703 άπουο-

232 737 387 824 στησεως.
415 732 455 804 ού
479 732 547 821 μὴν
570 732 653 802 ἄλλά
677 734 734 802 καὶ
751 732 853 815 αύτδς
868 730 1081 824 Ἀλέξανδρος
1110 734 1194 816 ὀξύ·

230 865 324 926 τερος
350 837 478 921 λέγεται
500 837 659 921 γενέσθαι
683 836 719 904 έν
744 841 791 928 τῷ
815 835 890 905 τότε
908 839 942 917 ές
958 835 995 904 εδ
1015 842 1220 920 πιστεύσαίτ

229 964 266 1007 τε
291 952 361 1016 τοῖς
389 938 672 1023 ἐπικαλουμένοις,
704 935 749 1016 άς
776 946 932 1017 πιθανοῖς
958 937 1000 1025 δὴ
1027 940 1063 1007 έν
1089 938 1194 1007 παντί

231 1030 319 1126 οὖσι,
345 1037 401 1106 καλ
430 1039 484 1106 ἐπὶ
510 1036 548 1106 τδ
576 1037 827 1126 τιμωρήσασθαι
851 1037 1002 1126 μεγάλως
1028 1038 1109 1118 τοδς
1136 1039 1195 1106 καὶ

232 1141 288 1210 ἐπὶ
313 1153 443 1228 μικροῖς
472 1139 742 1227 ἐξελεγχθέντας,
769 1135 818 1205 ὅτι
843 1141 899 1206 καί
926 1139 966 1207 τά
993 1131 1123 1227 μεγάλα
1150 1135 1195 1208 διν

234 1241 376 1310 ἐδόκουν
402 1239 494 1332 αύτῷ
521 1246 565 1328 τῇ
592 1239 678 1330 αὐτῇ
705 1238 823 1329 γνύμη
850 1239 1103 1328 ἐξεργάσασθαι.

197 1349 214 1396 ⁴
302 1341 338 1413 ‘0
364 1341 402 1411 δέ
428 1342 483 1410 καί
509 1341 638 1429 γάμους
664 1343 817 1428 ἐποίησεν
844 1343 881 1408 έν
898 1340 1044 1421 Σούσοις
1067 1343 1196 1412 ἑαυτοῦ
1207 1369 1229 1408 ιι

231 1447 338 1514 τεκαὶ
355 1448 424 1512 τῶν
443 1445 601 1532 ἑταίρων·
629 1438 731 1521 αύτός
744 1440 807 1527 μὲν
823 1443 892 1510 τῶν
909 1450 1059 1531 Δαρείου
1076 1451 1195 1529 θυγα-

231 1546 338 1633 τέρων
360 1543 423 1632 τὴν
446 1543 681 1631 πρεσβυτάτην
705 1551 876 1632 Βαρσίνην
900 1539 1054 1632 ἠγάγετο,
1080 1541 1127 1624 οἱς
1157 1543 1196 1612 δὲ

232 1647 320 1733 λέγει
341 1644 613 1734 Ἀριστόβουλος,
646 1643 704 1712 καὶ
729 1642 834 1733 ἄλλην
861 1643 946 1734 πρὸς
971 1644 1097 1735 ταύτῃ,
1123 1650 1196 1714 τῶν

221 1743 329 1833 Ὤχου
346 1747 545 1834 θυγατέρων
567 1744 630 1833 την
647 1744 816 1832 νεωτάτην
833 1745 1037 1835 Παρύσατιν.
1070 1744 1137 1835 ἤδη
1158 1746 1196 1816 δὲ

232 1840 277 1934 ἦν
295 1845 388 1937 αύτῷ
406 1845 533 1935 ἠγμένη
546 1850 602 1915 καὶ
617 1845 832 1934 ἡὈξυάρτον
845 1851 909 1916 τού
923 1853 1093 1936 Βακτρίου
1113 1863 1195 1927 παῖς
1208 1877 1229 1916 ιι

93 1955 95 1960 ’
199 1941 380 2034 5Ῥωξάνη.
420 1946 595 2033 Δρύπετιν
612 1947 650 2016 δὲ
659 1945 876 2035 Ἡφαιστίωνι
896 1952 1026 2037 δίδωσι,
1040 1957 1196 2036 Δαρείου

232 2054 338 2117 παῖδα
351 2048 408 2115 καὶ
416 2048 555 2135 ταύτην,
568 2046 721 2136 άδελφὴν
729 2055 787 2135 τῆς
801 2047 907 2118 αὑτοῦ
916 2049 1092 2135 γυναικός·
1115 2051 1196 2119 ε’θέ-

233 2159 302 2218 λειν
327 2148 394 2238 γάρ
421 2154 457 2218 οί
480 2148 641 2230 άνεψιοδς
666 2155 735 2218 τῶν
761 2155 891 2217 παίδων
921 2152 1081 2237 γενέσθαι
1112 2152 1197 2232 τούς

228 2249 470 2338 Ἡφαιστίωνος
487 2256 625 2331 παῖδας·
659 2251 821 2342 Κρατέρῳ
839 2248 877 2319 δὲ
890 2248 1116 2339 Ἀμαστρίνην
1132 2253 1197 2340 τὴν

228 2349 413 2441 Ὀξυάρτου
439 2353 500 2422 τοῦ
519 2357 667 2440 Δαρείου
685 2351 836 2439 άδελφού
854 2356 976 2420 παῖδα·
1018 2358 1232 2444 Περδίκκαν
1270 2369 1271 2385 ’

234 2454 271 2524 δὲ
308 2455 370 2542 τὴν
398 2452 603 2542 Ἀτροπάτου
635 2455 696 2522 τοῦ
723 2457 860 2540 Μηδίας
887 2452 1058 2540 σατράπου
1085 2459 1197 2523 παῖδα

201 2571 216 2618 6
235 2559 351 2625 ἔδωκε·
379 2561 577 2644 Πτολεμαίῳ
595 2553 632 2622 δέ
644 2557 691 2646 τῷ
706 2552 966 2641 σωματοφύλακι
978 2556 1036 2624 καί
1046 2551 1199 2641 Βύμένει

232 2659 279 2746 τῷ
305 2670 494 2743 γραμματεῖ
516 2659 563 2745 τῷ
589 2660 749 2746 βασιλικῷ
774 2653 834 2735 τάς
847 2652 1048 2746 Ἀρταβάζου
1067 2661 1197 2736 παῖδας

232 2758 279 2846 τῷ
297 2756 358 2842 μὲν
367 2753 587 2844 Ἀρτακάμαν,
605 2759 651 2847 τῷ
669 2754 891 2844 δέ’Ἀρτωνιν·
920 2757 1063 2847 Νεάρχῳ
1078 2755 1118 2824 δὲ
1130 2755 1199 2843 τὴν

232 2863 402 2943 Βαρσίνης
423 2881 460 2924 τε
477 2857 534 2923 καὶ
552 2856 726 2944 Μέντορος
743 2861 864 2925 παῖδα·
897 2857 1056 2950 Σελεύκῳ
1074 2855 1114 2924 δὲ
1131 2858 1235 2944 τὴνιι
1267 2919 1268 2930 ,

234 2959 466 3044 Σπιταμένους
489 2958 551 3024 τοῦ
570 2965 737 3044 Βακτρίου
756 2963 876 3027 παῖδα·
903 2955 1062 3038 ὡσαύτως
1080 2957 1120 3027 δέ
1136 2961 1200 3028 καὶ

232 3073 304 3138 τοίς
321 3056 431 3138 ἄλλοις
450 3059 591 3147 ἑταίροις
609 3056 668 3137 τάς
686 3059 908 3146 δοκιμωτάτας
922 3061 1065 3148 Περσῶν
1086 3063 1200 3128 τεκαὶ
1266 3093 1267 3098 ’

235 3159 367 3246 Μήδων
393 3163 517 3241 παῖδας
544 3161 577 3239 ές
604 3157 819 3245 ὀγδοήκοντα.
855 3166 892 3230 οί
905 3162 1004 3249 γάμοι
1021 3159 1059 3230 δέ
1078 3162 1200 3249 ἐποιή-

201 3271 346 3348 ἰθησαν
377 3259 471 3350 νόμῳ
502 3263 548 3350 τῷ
576 3263 747 3350 Περσικῷ·
786 3260 906 3346 θρόνοι
932 3263 1097 3350 ἐτέθησαν
1122 3279 1201 3344 τοῖς

232 3369 392 3450 νυμφίοις
411 3361 528 3446 ἐφεξῆς
540 3361 598 3428 καὶ
614 3361 696 3448 μετά
713 3358 774 3428 τδν
792 3360 895 3430 πότον
912 3352 993 3449 ἧκον
1008 3368 1047 3431 αί
1061 3365 1196 3452 γαμού-
1214 3394 1238 3433 ω

234 3488 331 3547 μεναι
356 3463 413 3529 καὶ
440 3463 704 3548 παρεκαθέζοντο
732 3459 851 3549 ἑκάστη
877 3465 922 3554 τῷ
942 3465 1076 3549 ἑαυτῆς·
1103 3470 1141 3532 οί
1159 3465 1202 3534 δέ

236 3559 450 3642 ἐδεξιώσαντό
474 3587 511 3630 τε
537 3559 641 3640 αύτόις
664 3562 721 3631 καὶ
741 3563 917 3652 ἐφίλησαν·
951 3566 1081 3653 πρῶτος
1108 3563 1149 3634 δὲ
1180 3559 1200 3636 δ
