2650 3948
489 246 674 300 εειεειειε
692 249 716 308 ε,
734 249 760 299 ε.
1062 248 1104 313 57

138 390 230 467 ναῦς
246 386 375 474 μακράς
392 384 461 456 ῦπό
476 383 694 475 Ἀντιπάτρου
711 388 928 476 τεταγμένος,
954 385 1000 470 ῦς
1017 387 1108 460 εἶναι’

138 514 217 557 τινα
241 502 314 568 ταῖς
337 514 373 558 τε
395 487 509 576 νήσοις
531 487 689 576 φυλακήν
708 489 764 557 καὶ
788 487 875 580 αὐτῇ
898 495 940 581 τῇ
963 487 1104 578 Ἑλλάδι,

140 595 192 676 εί,
217 588 370 677 καθάπερ
396 591 626 678 ἐξηγγέλλετο,
658 590 844 660 ἐπιπλέοιεν
868 595 904 660 οί
923 590 1103 681 βάρβαροι·

139 689 337 778 πυθόμενος
367 690 405 760 δέ
430 689 592 779 Δατάμην
622 692 699 780 περὶ
724 698 859 780 Σίφνον
882 689 1000 781 ὁρμεῖν
1023 695 1105 762 δέκα

110 798 285 873 ευαυσίν,
312 789 414 873 αῦτδς
433 799 519 880 ἔχων
537 796 775 862 πεντεκαίδεκα
798 792 921 874 νυκτός
946 791 1105 882 ἀνάγεται
1202 850 1206 858 .

138 892 208 963 άπό
231 899 395 974 Χαλκίδος
418 895 477 982 της
502 893 556 962 ἐπί
579 920 625 962 τι
650 891 806 987 Εῦρίπῳ·
846 895 903 964 καί
926 895 1139 984 προσσχάνῦ

140 992 385 1088 έωθενΚάθνῳ
404 1001 446 1084 τῇ
464 993 557 1088 νήσῳ
574 992 637 1082 τήν
652 993 715 1082 μὲν
732 993 861 1085 ἡμέραν
878 993 986 1066 αῦτοῦ
1003 995 1105 1067 αῦλί·

138 1103 246 1184 ξεται,
279 1089 324 1178 ῦς
348 1096 555 1186 σαφέστερόν
577 1122 613 1165 τε
636 1097 866 1166 διαπυθέσθαι
881 1096 921 1166 τά
941 1100 1018 1188 περὶ
1037 1105 1106 1168 τάν

141 1198 225 1268 δέκα
242 1203 331 1267 νεῦυ
348 1199 404 1267 καί
418 1196 486 1284 άμα
500 1200 537 1267 ἐν
549 1197 647 1266 νυκτί
659 1197 890 1288 φοβερώτερον
902 1216 1106 1288 προσπεσεῖν

101 1327 129 1370 ιι
141 1313 214 1380 τοϊς
230 1301 392 1382 Φοίνιξιν·
422 1297 468 1380 ιδς
482 1298 520 1368 δέ
538 1306 642 1386 ἔμαθε
656 1304 773 1386 σαφοῦς
790 1297 850 1369 τόν
864 1299 1028 1388 Δατάμην
1041 1302 1105 1384 ξῦν

138 1415 216 1481 ταῖς
245 1401 368 1472 ναυσίν
400 1402 437 1470 ἐν
461 1407 583 1490 Σίφνῳ
610 1393 797 1489 ὁρμοῦντα,
831 1400 1032 1482 ἐπιπλεύσας
1056 1408 1105 1471 ἔτι

139 1501 265 1582 νυκτός
288 1496 346 1572 ὑπ’
372 1499 479 1590 αῦτήν
495 1499 557 1589 τήν
576 1503 620 1570 ἕω
636 1503 693 1569 καὶ
710 1499 969 1591 ἀπροσδοκήτοις
987 1505 1103 1572 ἐπιπε-

141 1603 215 1672 σιδυ
228 1601 314 1672 όιιτά
328 1603 391 1690 μὲν
404 1608 490 1682 ναῦς
503 1600 619 1681 αῦτοῑς
633 1599 797 1691 άνδράσιν
811 1610 924 1691 ἔλαβε·
943 1603 1103 1692 Δατάμης

141 1704 183 1774 δδ
205 1704 287 1793 μετά
311 1709 410 1774 δυοῖν
434 1717 584 1793 τριηροϊν
603 1706 639 1772 έν
656 1709 699 1793 τῇ
716 1704 831 1794 πράτη
849 1707 1020 1795 προσμίξει
1035 1711 1104 1774 τάν

102 1805 212 1894 εεάμα
236 1807 378 1896 Πρωτέᾳ
406 1810 494 1875 νεάυ
526 1803 736 1892 ῦπεκφυγάν
764 1803 925 1894 άπεσάθη
956 1805 1040 1896 πρός
1063 1804 1102 1876 τό

141 1905 225 1977 ἄλλο
242 1908 411 1978 ναυτικόν.

216 2008 430 2098 Ἀλέξανδρος
453 2007 493 2078 δέ
516 2005 561 2088 ὥς
579 2009 612 2088 ἐς
630 2006 773 2093 Γόρδιον
790 2015 963 2096 παρῆλθε,
995 2007 1102 2090 πόθος
1122 2018 1145 2086 3

143 2111 304 2199 λαμβάνει
321 2108 430 2182 αῦτόν
444 2105 632 2179 άνελθόντα
647 2111 680 2188 ἐς
696 2107 759 2196 τήν
776 2107 894 2199 άκραν,
913 2115 970 2179 ἵνα
988 2112 1044 2180 καὶ
1061 2110 1102 2180 τά

142 2220 295 2300 βασίλεια
307 2204 352 2299 ήν
364 2210 405 2282 τά
419 2216 565 2299 Γορδίου
578 2211 709 2279 καὶτοῦ
723 2210 842 2291 παιδός
856 2209 962 2280 αὐτοῦ
973 2217 1103 2298 Μίδου,

104 2343 130 2382 ιο
143 2312 205 2402 τήν
229 2313 358 2402 ἅμαξαν
383 2318 470 2382 ίδεῖν
492 2317 553 2382 τοῦ
578 2315 724 2400 Γορδίου
747 2313 803 2380 καὶ
827 2317 887 2382 τοῦ
913 2315 1015 2398 ζυγοῦ
1044 2319 1103 2399 τῆς

143 2413 269 2504 ἁμάξης
284 2413 346 2484 τόν
363 2412 497 2503 δεσμόν.
532 2412 630 2498 λόγος
648 2411 687 2481 δὲ
703 2413 780 2499 περὶ
797 2418 854 2499 τῆς
871 2412 995 2501 άμάξης
1014 2415 1101 2482 ἐκεί·
1120 2429 1137 2479 2

143 2545 204 2605 νης
227 2515 317 2604 παρά
340 2530 409 2596 τοῖς
433 2513 639 2604 προσχώροις
662 2512 766 2594 πολῦς
783 2528 928 2602 κατεῖχε,
959 2513 1103 2604 Γόρδιον

144 2616 230 2689 εἶναι
250 2623 320 2686 τάν
345 2616 447 2686 πάλαι
466 2621 615 2706 Φρυγῶν
632 2611 740 2702 άνδρα
763 2617 889 2702 πένητα
906 2615 963 2684 καὶ
982 2613 1103 2703 ὀλίγην

145 2719 230 2790 εἶναι
258 2714 350 2812 αῦτςῦ
380 2724 444 2806 γῆν
476 2717 671 2807 ἐργάζεσθαι
701 2717 758 2784 καλ
787 2715 883 2805 ζεύγη
906 2722 997 2804 βοῦν
1021 2716 1102 2787 δυό·

107 2848 133 2889 ιε
146 2821 202 2890 καί
217 2826 264 2913 τῷ
282 2819 345 2908 μέν
361 2817 531 2908 άροτριᾶν,
548 2823 595 2909 τῷ
614 2817 652 2886 δδ
670 2815 848 2905 άμαξεῦειν
864 2813 924 2888 τόν
942 2815 1095 2908 Γόρδιον.

146 2930 205 2992 καί
226 2947 305 2990 ποτε
328 2918 492 3008 άροῦντος
516 2917 621 2988 αὐτοῦ
646 2921 821 3006 έπιπτήναι
846 2919 901 2988 ἐπί
924 2917 984 2989 τόν
1002 2919 1138 3006 ζυγόν3

146 3020 244 3095 άετόν
266 3022 322 3091 καὶ
346 3025 509 3111 ἐπιμεῖναι
532 3026 606 3090 ἐστε
629 3021 684 3089 ε’πλ
709 3018 878 3106 βουλυτόν
896 3020 1102 3109 καθήμενον·

146 3124 205 3196 τόν
228 3123 267 3194 δέ
291 3123 497 3210 ἐκπλαγέντα
519 3128 561 3213 τῇ
586 3120 662 3204 ὄψει
686 3121 771 3190 ίέναι
796 3119 999 3191 κοινάσοντα
1016 3121 1104 3212 ῦπδρ

147 3231 205 3298 τοῦ
218 3232 317 3296 θείον
331 3221 421 3314 παρά
433 3222 513 3304 τοῦς
531 3223 732 3312 Τελμισσέας
744 3222 825 3303 τοῦς
842 3222 990 3312 μάντεις·
1017 3222 1105 3293 εἶναι

113 3353 136 3396 οο
147 3326 209 3416 γάρ
225 3325 306 3407 τοῦς
320 3325 521 3415 Τελμισσέας
539 3322 668 3413 σοφοῦς
684 3321 725 3392 τά
742 3334 821 3393 θεία
840 3327 1030 3412 ἐξηγείσθω
1047 3330 1106 3394 καί

148 3450 259 3516 σφισιν
283 3423 348 3497 άπό
371 3427 492 3513 γένους
510 3425 672 3495 δεδόσθαι
689 3421 805 3505 αῦτολς
823 3427 878 3494 καὶ
896 3426 1028 3510 γυναιξὶ
1045 3425 1102 3493 καί

147 3531 239 3600 παισὶ
260 3527 322 3618 τήν
346 3535 516 3617 μαντείαν.
551 3525 763 3615 προσάγοντα
786 3525 825 3594 δέ
841 3523 936 3613 κόμη
952 3526 1018 3592 τινὶ
1034 3529 1136 3592 τῶνε
