2664 3946
580 248 831 304 ΔΛΕΞΑΝΔΡΟΤ
857 257 860 263 ’

560 532 855 624 ΑΡΡΙΑΝΟΥ

364 703 676 780 ΑΝΑΒΑΣΕΩΣ
702 700 1050 783 ΑΛΕΞΑΝΔΡΟΤ

519 871 672 924 Rumon
690 871 893 928 τατεετοα.

191 1022 207 1082 1
304 1011 356 1086 Ού
391 1021 530 1093 πολλαῖς
563 1011 601 1083 δὲ
629 1009 765 1100 ἡμέραις
796 1009 939 1099 ὕστερον
968 1009 1190 1100 άφικνοῦνται

226 1113 306 1205 παρ’
327 1114 546 1203 Ἀλέξανδρον
577 1114 732 1204 πρέσβεις
758 1111 849 1198 παρά
874 1139 910 1182 τε
941 1116 1094 1183 Σκυθών
1118 1120 1189 1184 τών

224 1216 348 1303 Ἀβίων
372 1216 601 1303 καλουμένων,
629 1210 706 1302 (οῦς
724 1213 780 1280 καὶ
798 1212 943 1301 ’Όμηρος
960 1213 1189 1297 δικαιοτάτους

227 1315 433 1404 ἀνθρώπους
451 1314 556 1385 εἰπών
582 1317 619 1383 έν
637 1320 680 1402 τῆ
706 1313 835 1401 ποιῆσει
852 1313 1030 1402 έπῆνεσεν·
1058 1321 1191 1386 οἰκοῦσι

228 1418 266 1489 δὲ
297 1421 334 1488 έν
359 1420 401 1506 τῆ
425 1417 519 1506 Ἀσίᾳ
544 1406 639 1485 οῦτοι
665 1412 863 1502 αύτόνομοι,
890 1412 952 1504 ούχ
984 1417 1101 1504 ἥκιστα
1134 1417 1215 1487 διάι

228 1527 348 1590 πενίαν
384 1546 421 1588 τε
450 1518 507 1586 καί
536 1515 739 1606 δικαιότητα)
770 1516 826 1584 καὶ
855 1516 947 1606 παρὰ
974 1523 1043 1587 τών
1071 1521 1107 1588 ἐκ
1132 1525 1191 1606 τῆς

229 1619 396 1710 Εύρώπης
424 1623 586 1705 Σκυθῶν,
613 1625 650 1687 οἳ
672 1616 714 1705 δῆ
741 1615 778 1686 τό
802 1617 956 1704 μέγιστον
975 1623 1075 1700 έθυος
1094 1622 1131 1689 έν
1147 1626 1190 1708 τῆ
1229 1627 1232 1636 ’

195 1719 380 1811 οίδύρώπη
415 1722 593 1789 έποικοῦσι.
649 1720 705 1788 καὶ
730 1717 862 1799 τούτοις
887 1720 1073 1808 ξυμπέμπει
1095 1718 1190 1790 Ἀλέ-

229 1827 370 1909 ξανδρος
387 1849 456 1890 τον
475 1821 626 1909 ἑταίρων,
645 1818 815 1908 πρόφασιν
832 1819 895 1908 μὲν
913 1820 996 1889 κατά
1010 1827 1191 1910 πρεσβείαν

229 1929 348 2011 φιλίαν
373 1923 664 2008 ξυνθησομένους,
690 1919 709 1990 ό
736 1921 774 1990 δὲ
803 1926 885 2000 νοῦς
910 1926 969 2010 τῆς
995 1928 1129 2011 πομπῆς
1157 1926 1230 2004 έςιο

228 2021 442 2110 κατασκοπήν
467 2049 499 2090 τι
514 2028 642 2109 μᾶλλον
668 2030 766 2111 ἔφερε
791 2020 927 2110 φύσεώς
951 2049 987 2091 τε
1003 2028 1062 2110 τῆς
1081 2023 1191 2112 χώρας

229 2129 288 2212 τῆς
307 2128 480 2209 Σκυθικῆς
506 2124 562 2191 καὶ
580 2121 734 2210 πλήθους
760 2121 873 2192 αύτών
894 2124 951 2191 καί
968 2130 1118 2213 νομαίων
1135 2125 1191 2193 καὶ

229 2220 396 2305 ὁπλίσεως
422 2223 538 2311 ἥντινα
566 2229 696 2312 ἔχοντες
723 2225 913 2293 στέλλονται
939 2227 972 2306 ἐς
998 2224 1057 2306 τός
1074 2225 1190 2314 μάχας.

196 2356 212 2405 3
306 2320 419 2406 Αύτὸς
451 2325 489 2394 δὲ
521 2324 606 2412 πρός
638 2331 685 2417 τῷ
723 2323 864 2394 Τανάϊδι
894 2331 1032 2417 ποταμῷ
1064 2326 1193 2396 ἐπενόει

229 2427 328 2498 πόλιν
354 2433 489 2516 οίκίσαι,
514 2427 571 2494 καλ
596 2425 721 2514 ταύτην
748 2427 871 2496 ἑαυτοῦ
890 2426 1077 2514 ἐπώνυμον.
1120 2425 1192 2496 ὅτε
1205 2457 1233 2498 15

230 2528 294 2619 γάρ
321 2533 428 2617 χώρας
454 2527 636 2615 έπιτῆδειος
663 2525 755 2621 αύτῷ
782 2529 936 2615 ἐφαίνετο
962 2523 1103 2615 αύξῆσαι
1137 2529 1191 2598 έπλ

228 2631 314 2718 μέγα
345 2629 409 2717 τῆν
440 2628 538 2697 πόλιν
569 2630 626 2697 καὶ
660 2630 697 2698 έν
727 2634 819 2720 καλῷ
854 2628 1109 2716 οἰκισθήσεσθαι
1135 2635 1192 2718 τῆς

231 2732 285 2800 ἐπὶ
316 2730 476 2816 Σκύθας,
512 2740 621 2799 εἴποτε
652 2731 844 2818 ξυμβαίνοι,
879 2728 1020 2810 ἐλάσεως
1051 2731 1108 2800 καὶ
1133 2737 1193 2818 τῆς

229 2835 449 2918 προφυλακῆς
476 2835 537 2918 τῆς
562 2829 673 2918 χώρας
699 2828 782 2918 πρός
807 2829 867 2911 τάς
892 2831 1102 2921 καταδρομάς
1122 2836 1193 2901 τών

197 2951 214 2999 4
233 2933 340 3020 πέραν
365 2934 426 3000 τοῦ
445 2935 595 3018 ποταμοῦ
615 2930 840 3000 ἐποικούντων
856 2932 1046 3020 βαρβάρων.
1086 2933 1195 3002 ε’δόκει
1207 2963 1237 3004 no

231 3031 265 3102 δ’
282 3029 325 3100 άν
350 3033 407 3101 καί
432 3031 559 3121 μεγάλη
585 3033 743 3118 γενέσθαι
768 3025 903 3118 ῆπόλις
930 3033 1051 3120 πλῆθει
1073 3040 1195 3104 τετῶν

232 3138 266 3214 ές
302 3131 410 3221 αύτῆν
448 3135 719 3220 ξυνοικιζομένων
757 3133 814 3200 καί
852 3139 913 3202 τοῦ
952 3132 1113 3224 ὀνόματος
1150 3139 1195 3225 τῆ

231 3235 437 3325 λαμπρότητι
468 3235 523 3302 καί
556 3236 592 3302 έν
623 3232 733 3325 τούτῳ
765 3239 801 3302 οί
831 3233 1019 3324 πρόσχωροι
1050 3242 1098 3328 τῷ
1130 3261 1195 3306 πο-

232 3342 326 3428 ταμώ
352 3333 515 3424 βάρβαροι
539 3333 618 3415 τούς
643 3361 680 3403 τε
696 3332 736 3403 τά
764 3336 911 3426 φρούρια
930 3338 966 3405 έυ
984 3351 1056 3418 ταῖς
1078 3337 1198 3407 πόλεσι

233 3443 331 3525 σφών
368 3443 505 3525 ἔχοντας
538 3435 737 3525 στρατιώτας
768 3441 836 3506 τών
868 3437 1079 3508 Μακεδόνων
1113 3443 1197 3520 ξυλ-
1211 3469 1244 3512 ετ

232 3539 391 3627 λαβόντες
418 3536 615 3607 ἀπέκτειναν
641 3537 698 3606 καὶ
724 3539 782 3619 τοὶς
808 3535 921 3620 πόλεις
949 3541 982 3620 ἐς
1009 3533 1198 3628 άσφάλειάν
