2590 3948
400 252 583 304 ΔΝΔΒΑΣιΣ
601 257 630 318 τ,
648 257 688 306 ιι.
708 257 749 306 ιι.
984 249 1046 316 323

85 412 229 500 μάλιστα
247 407 347 478 δυ’σιν
364 405 480 494 όλίγος
497 436 532 478 τε
550 407 569 478 ὁ
584 410 768 498 Εὐφράτης
786 412 851 498 ῥέει
869 411 926 479 καλ
944 409 1047 480 οὐδὲν

85 529 182 602 μεῖον
206 513 244 579 τὸ
261 509 348 578 πολδ
368 507 477 578 αὐτοῦ
494 511 577 578 κατά
594 511 654 580 τὸν
672 511 902 582 Παλλακόπαν
921 515 1050 582 ἐκδιδοῖ

88 617 121 694 ἐς
138 612 198 692 τάς
216 619 346 698 λίμνας.
375 617 407 679 εί
423 609 465 696 δή
482 638 531 691 τις
548 613 593 699 μη
611 611 814 700 ἀποφράξειε
831 613 891 681 τόν
908 621 1046 682 Παλλα-

86 715 198 784 κόπαν
214 705 329 797 αὐθις,
349 708 395 789 τός
412 711 496 780 κατά
513 713 573 793 τάς
587 711 692 800 ὄχθας
708 713 871 800 ἐκτραπὲν
884 715 1047 800 φέρεσθαι

43 843 59 882 ε
86 818 124 885 τὸ
138 813 232 900 ὕδωρ
246 809 330 880 κατά
343 809 405 878 τόν
419 811 537 900 πόρον,
556 816 717 883 ἐκένωσεν
731 811 773 883 άν
787 815 846 884 τὸν
859 813 1047 902 Εὐφράτην

87 919 121 998 ἐς
139 914 257 1003 αὐτόν,
276 911 322 992 άς
335 910 415 998 μηδ’
434 913 640 1000 ἐπάρδεσθαι
653 914 712 984 ὐπ’
729 914 838 984 αὐτοῦ
851 915 1046 1002 τῆνἈσσυ·

87 1027 166 1107 ρίαν
179 1021 254 1102 γῆν.
282 1010 358 1083 ἀλλ’
378 1011 636 1102 ἀπεφράσσοντο
654 1018 719 1104 γάρ
737 1022 776 1085 αί
788 1020 821 1096 ἐς
833 1013 893 1085 τόν
907 1024 1046 1086 Παλλα-
1065 1031 1080 1080 5

85 1119 195 1188 κόπαν
213 1119 275 1185 τοῦ
296 1111 482 1201 Εὐφράτου
512 1119 647 1205 ἐκβολαὶ
674 1115 759 1206 πρός
784 1120 845 1186 τοῦ
873 1117 1046 1206 σατράπου

85 1227 144 1307 τῆς
161 1221 385 1307 Βαβυλωνίας
412 1222 527 1309 πολλῷ
554 1217 661 1310 πόνῳ,
686 1225 807 1306 καίπερ
834 1218 875 1287 ου’
894 1221 1047 1305 χαλεπῶς

45 1348 73 1386 10
88 1318 389 1407 ἀναστομούμεναι,
424 1313 474 1385 ὄτι
509 1319 655 1407 ἰλυώδης
681 1345 716 1388 τε
741 1318 762 1405 ἡ
789 1319 894 1408 ταότη
921 1324 964 1406 γῆ
990 1321 1046 1387 καὶ

87 1423 192 1510 πηλός
217 1419 238 1508 ἠ
266 1415 373 1501 πολλὴ
399 1412 523 1506 αὐτῆς,
550 1424 605 1490 οἶα
632 1422 793 1508 δεχομένη
818 1419 856 1488 τὸ
873 1417 968 1508 όδωρ
985 1423 1046 1489 τοῦ

87 1525 238 1610 ποταμοῦ
265 1519 310 1607 μὴ
337 1515 468 1606 εὐμαρῆ
494 1519 555 1608 τὴν
580 1521 799 1609 ἀποστροφὴν
817 1520 926 1589 αὐτοῦ
943 1522 1048 1608 παρέ-

88 1641 174 1712 χειν·
219 1617 303 1690 άλλά
331 1619 387 1688 καὶ
415 1621 450 1699 ἐς
474 1631 589 1710 τρίτον
615 1629 704 1710 μῆνα
722 1622 910 1709 Ἀσσυρίων
927 1620 1048 1711 ἄνδρες

88 1720 174 1811 όπέρ
201 1721 281 1801 τούς
306 1726 451 1810 μυρίους
479 1725 516 1790 ἐν
541 1727 629 1814 τῷδε
655 1727 701 1815 τῷ
729 1723 823 1814 πόνφ
846 1726 1046 1810 ξυνείχοντο.

47 1848 74 1888 15
167 1829 281 1894 Ταῦτα
290 1820 546 1906 ἀπαγγελθέντα
557 1822 947 1912 ἐπηγαγενἈλέξανδρον
958 1822 1081 1911 ω’φε·6

87 1931 189 2015 λῆσαί
212 1953 242 1994 τι
267 1921 329 2012 την
355 1918 471 2011 χάραν
497 1924 559 2012 την
575 1925 763 2014 Ἀσσυρίαν.
810 1931 909 1994 ἐνθεν
926 1925 988 2013 μὲν
1007 1925 1048 2010 δὴ

88 2033 122 2109 ές
138 2029 199 2096 τὸν
214 2024 446 2097 Πολλακόπαν
464 2027 617 2114 ἐτρέπετο
634 2029 695 2095 τοῦ
712 2025 897 2115 Εὐφράτου
916 2027 934 2094 ό
954 2029 1048 2116 ῥοῦς,

86 2129 193 2217 ταότη
221 2126 259 2196 δδ
287 2134 374 2214 ἔγνω
401 2133 546 2215 βεβαίως
573 2127 770 2196 άποκλελσαι
800 2126 862 2214 τὴν
890 2127 1046 2216 ἐκβολήν·

87 2229 287 2321 προελθόντι
313 2227 351 2296 δέ
369 2226 453 2296 ὅσον
470 2233 629 2308 σταδίους
654 2229 832 2315 τριάκοντα
856 2221 1048 2314 ὐπόπετρος

45 2331 107 2418 εοὴ
126 2336 168 2418 γῆ
189 2333 357 2417 ἐφαίνετο,
384 2332 440 2396 οία
466 2335 675 2416 διακοπεῖσα,
702 2334 733 2398 εί
750 2329 901 2415 ξυναφὴς
919 2331 1048 2415 γένοιτο

86 2437 130 2521 τῇ
157 2433 261 2500 πάλαι
286 2431 427 2517 διωρνχι
451 2435 492 2518 τῇ
511 2429 595 2498 κατά
619 2429 681 2499 τόν
700 2429 945 2515 Παλλακόπαν,
971 2427 1046 2498 οὐτ’

88 2530 131 2602 άν
157 2539 344 2618 διαχεῖσθαι
369 2531 525 2616 παρέχειν
550 2529 588 2599 τό
614 2529 708 2617 όδωρ
734 2529 804 2599 ὑπὸ
831 2531 1048 2621 στερρότητος

86 2639 144 2721 τῆς
170 2636 244 2720 γῆς,
270 2631 332 2716 τήν
357 2657 392 2698 τε
417 2629 634 2720 ἀποστροφὴν
661 2627 768 2702 αὐτοῦ
795 2637 837 2719 τῇ
863 2633 1046 2720 τεταγμένη

89 2733 161 2824 δι’ργ
179 2733 223 2821 μὴ
242 2734 394 2819 χαλεπῶς
420 2739 606 2818 γίγνεσθαι.
651 2732 782 2802 τούτων
808 2735 906 2802 ἕνεκα
934 2737 991 2802 ἐπί
1014 2739 1081 2802 τελ

47 2863 74 2904 25
89 2835 149 2904 τόν
167 2833 397 2906 Πολλακόπαν
426 2839 566 2903 ἔπλευσε
592 2834 649 2902 καὶ
666 2832 739 2902 κατ’
760 2831 870 2903 αὐτὸν·
888 2840 1051 2903 καταπλεῖ

90 2941 123 3018 ἐς
141 2935 202 3016 τάς
220 2942 341 3023 λίμνας
360 2931 404 3013 οἷς
424 2935 478 3002 ἐπὶ
494 2935 559 3022 την
570 2934 724 3023 Ἀράβων
736 2937 811 3023 γῆν.
839 2941 924 3004 ἔνθα
937 2934 1048 3023 χῶρόν

87 3066 161 3107 τινα
189 3041 226 3106 ἐν
243 3037 334 3127 καλῷ
359 3034 444 3104 ίδοδν
469 3035 567 3104 πόλιν
587 3037 818 3130 ἐξῳκοδόμησέ
832 3063 868 3104 τε
885 3037 942 3104 καὶ
961 3040 1048 3106 έτεί-

87 3161 170 3229 γισε,
197 3139 254 3208 καὶ
282 3141 319 3207 ἐν
345 3135 451 3225 ταύτη
485 3137 646 3230 κατῴκισε
670 3141 739 3206 τῶν
762 3135 930 3223 Ἑλλήνων
955 3137 1048 3217 τινάς

87 3243 156 3310 τῶν
187 3237 419 3327 μισθοφόρων,
452 3235 525 3308 ὅσοι
558 3265 593 3308 τε
626 3238 756 3318 ἑκόντες
789 3240 845 3307 καὶ
879 3237 953 3307 ὅσοι
978 3233 1047 3307 όπδ

46 3366 73 3408 ιο
88 3343 198 3430 γήρως
224 3337 245 3428 ἢ
270 3338 353 3409 κατὰ
380 3337 529 3428 πήρωσιν
555 3339 718 3429 ἀπόλεμοι
741 3331 836 3426 ἦσαν.

124 3477 127 3484 ,
164 3441 276 3520 Αὐτὸς
304 3441 341 3509 δὲ
368 3438 413 3520 εἱς
434 3441 602 3526 ἐξελέγξας
629 3442 670 3528 δὴ
697 3447 765 3510 των
785 3445 965 3510 Χαλδαίων
982 3438 1043 3527 τὴν
1056 3449 1097 3515 22
1202 3481 1204 3488 ’

86 3551 262 3633 μαντείαν,
289 3539 338 3612 ὅτι
365 3541 468 3612 οὐδὲν
496 3542 660 3611 πεπόνθοι
688 3545 722 3612 ἐν
741 3544 920 3631 Βαβυλῶνι
937 3540 1047 3632 ἄχαρι,

790 3657 842 3704 ιι*
