2590 3948
449 237 633 290 ΔΝΔΒΔΣῙΣ
651 241 682 300 τ,
702 241 741 290 11.
1006 233 1070 301 305

109 388 207 460 αὐτοὶ
225 388 256 459 δ’
278 391 384 480 ἐβόων
410 393 475 483 πρό
503 399 572 462 τῶν
591 399 712 484 θυρῶν
731 395 900 484 ἑστηκότες
918 391 1071 482 δεόμενοι

110 503 292 577 παρελθεῖν
319 503 413 562 εἴσω·
453 495 533 575 τούς
558 524 594 565 τε
620 503 750 576 αἰτίους
775 502 834 584 τῆς
862 500 898 565 ἐν
924 501 971 587 τῷ
997 495 1070 564 τότε

109 598 254 683 ταραχῆς
280 595 337 662 καὶ
353 591 433 675 τούς
451 594 616 685 ἄρξαντας
632 603 691 684 τῆς
708 601 790 687 βοῆς
809 597 975 668 ἐκδιδόναι
993 599 1069 666 ε’θέ·

110 703 198 762 λειυ·
248 693 376 764 ούκουν
411 697 707 786 ἀπαλλαγήσεσθαι
740 703 809 768 τῶν
840 701 960 787 θυρῶν
993 697 1071 766 οὔτε

70 823 83 862 ι
111 790 235 883 ἡμέρας
261 795 341 866 οὔτε
367 798 500 885 νυκτός,
527 808 559 870 εί
584 799 629 888 μή
654 827 728 870 τινα
754 797 866 870 οἶκτον
893 803 991 887 σφῶν
1008 801 1072 879 ἕξει

108 891 332 986 Ἀλέξανδρος.

193 1004 305 1068 Ταύτα
340 997 385 1080 ῶς
418 999 646 1089 ἀπηγγέλλετο
673 998 784 1092 αύτῷ,
820 999 838 1070 ὁ
872 1000 909 1072 δὲ
936 1002 1104 1090 σπουδῆε

112 1100 292 1188 ἐξέρχεται,
320 1102 376 1168 καὶ
404 1103 490 1172 ίδιόν
515 1129 550 1171 τε
575 1107 737 1182 ταπεινῶς
763 1103 991 1189 διακειμένους
1017 1105 1073 1171 καί

111 1199 260 1280 οἰκούσας
279 1201 345 1270 σύν
363 1208 492 1293 οἰμωγῇ
505 1209 574 1272 τῶν
589 1209 723 1272 πολλῶν
736 1202 895 1290 βοῶυτων
908 1205 966 1271 καὶ
980 1202 1073 1295 αύτῷ

72 1328 99 1368 ιο
114 1317 287 1389 προχεῖται
314 1303 454 1393 δάκρυα.
498 1305 554 1373 καὶ
581 1303 681 1393 ὁμὲν
698 1301 839 1391 ἆνῆγετο
859 1303 904 1382 ῶς
921 1329 951 1371 τι
970 1305 1072 1391 ἐρῶν·

113 1407 150 1471 οί
179 1402 217 1471 δὲ
248 1409 368 1492 ’ἔμενον
401 1408 630 1494 λιπαρούντες.
681 1413 741 1474 καί
770 1432 818 1484 τις
851 1402 965 1473 αὐτῶν
990 1399 1109 1473 καθ’6

113 1501 246 1590 ῆλικίαν
272 1532 308 1573 τε
333 1507 389 1574 καὶ
419 1511 604 1593 ἱππαρχίαν
630 1509 689 1594 τῆς
707 1511 814 1576 ἵππου
833 1511 892 1592 τῆς
912 1507 1075 1593 ἑταιρικῆς

114 1603 178 1674 ούκ
204 1604 354 1694 ἀφανής,
388 1615 559 1696 Καλλίνης
585 1605 702 1697 ὄνομα,
732 1609 871 1676 τοιαῦτα
897 1603 1007 1674 εἶπεν·
1048 1599 1075 1673 ῶ

113 1711 263 1793 βασιλεῦ,
277 1708 318 1775 τὰ
333 1709 510 1777 λυπούντό
525 1713 592 1778 ε’στι
601 1708 803 1788 Μακεδόνας
817 1705 866 1776 ὅτι
876 1705 920 1776 σύ
933 1712 1076 1796 Περσῶν

73 1834 101 1873 15
114 1808 177 1895 μέν
189 1834 281 1887 τινας
294 1804 359 1896 ῆδη
369 1818 547 1898 πεποίησαι
556 1816 669 1902 σαυτῷ
680 1823 853 1896 συγγενεῖς
862 1809 919 1877 καὶ
928 1810 1072 1877 καλούν-

114 1935 169 1977 ται
186 1910 315 1996 Πέρσαι
342 1917 519 1998 συγγενεῖς
539 1909 758 2000 Ἀλεξάνδρου
785 1912 841 1978 καὶ
865 1915 1006 1997 φιλοῦσί
1021 1925 1075 1978 σε·

115 2009 329 2082 Μακεδόνων
347 2011 385 2081 δὲ
402 2009 498 2081 οίιίτω
516 2039 566 2092 τις
583 2014 738 2099 γέγευται
754 2009 878 2098 ταύτης
895 2016 954 2098 τῆς
971 2015 1076 2097 τιμῆς.

7 2105 9 2110 ’
115 2116 202 2180 ἔνθα
221 2111 262 2199 δὴ
280 2110 464 2199 ύπολαβῶν
477 2111 705 2203 Ἀλέξανδρος,
723 2110 797 2181 ἀλλ’
821 2111 911 2198 ὑμᾶς
928 2139 979 2200 γε,
1001 2118 1076 2200 ἔφη,
1095 2119 1111 2169 ⁷

116 2211 312 2300 ξύμπαντας
331 2217 464 2306 ἐμαυτῷ
481 2221 616 2304 τίθεμαι
636 2230 813 2300 συγγενεῖς
830 2214 888 2281 καὶ
905 2213 944 2281 τό
957 2240 995 2298 γε
1009 2212 1076 2281 ἀπὸ

71 2341 102 2380 ιο
116 2313 239 2382 τούτου
266 2314 356 2383 οὕτω
382 2316 521 2385 καλέσω.
560 2319 667 2385 ταῦτα
685 2315 822 2383 είπόντα
839 2314 1040 2401 προσελθῶυ
1058 2305 1076 2382 δ

116 2421 287 2502 Καλλίνης
310 2443 345 2483 τε
363 2417 523 2503 ἐφίλησεν
539 2418 597 2484 καὶ
615 2415 703 2496 ὅστις
722 2413 821 2495 ἄλλος
840 2417 977 2501 φιλῆσαι
993 2413 1077 2500 ῆθέ·

117 2522 206 2602 λησε.
250 2515 307 2582 καὶ
333 2513 422 2584 οὕτω
449 2516 490 2603 δῆ
519 2515 746 2604 ἀναλαβόντες
770 2514 810 2584 τό
829 2514 917 2584 ὅπλα
934 2515 1079 2602 βοῶντές

116 2641 153 2683 τε
178 2615 234 2683 καί
267 2623 490 2700 παιανίζοντες
522 2621 554 2698 ἐς
585 2619 624 2686 τὸ
659 2616 883 2704 στρατόπεδον
914 2614 1078 2705 ἀπῄεσαν.

114 2711 333 2806 Ἀλέξανδρος
350 2717 389 2787 δὲ
407 2720 462 2787 ἐπὶ
474 2719 604 2799 τούτοις
618 2726 747 2788 θυσίαν
760 2743 795 2787 τε
807 2718 886 2787 θύει
899 2733 970 2797 τοῖς
982 2729 1079 2797 θεοῖς
1096 2733 1114 2782 8

69 2845 103 2887 οε
118 2813 170 2898 οἷς
187 2815 280 2911 αύτῷ
297 2818 400 2907 νόμος
417 2821 475 2888 καὶ
491 2827 614 2909 θοίνην
628 2824 791 2908 δημοτελῆ
807 2821 952 2907 ἐποίησε,
970 2817 1079 2906 καθῆ-

117 2919 218 3008 μενός
235 2947 271 2989 τε
284 2918 389 3000 αύτὸς
405 2922 462 2989 καί
480 2922 617 2991 πάντων
634 2921 848 3010 καθημένων,
866 2916 952 3008 ἀμφ’
973 2918 1079 2988 αὐτόν

117 3020 181 3108 μὲν
208 3019 432 3110 Μακεδόνων,
460 3025 496 3108 ἐν
520 3023 558 3092 δὲ
574 3028 621 3116 τῷ
640 3024 755 3111 ἐφεξῆς
773 3021 904 3091 τούτων
922 3025 1080 3111 Περσῶν,

120 3122 176 3192 ἐπὶ
203 3128 241 3193 δὲ
258 3123 387 3204 τούτοις
410 3129 480 3193 τῶν
503 3123 616 3193 ἄλλων
635 3125 745 3194 ἐθνῶν
764 3121 834 3192 ὅσοι
851 3121 923 3192 κατ’
943 3117 1081 3204 ιῖξίωσιν

119 3221 141 3310 ῆ
165 3251 240 3293 τινα
265 3223 372 3312 ἄλλην
398 3223 520 3315 ἅρετῆν
546 3223 817 3314 πρεσβευόμενοι,
843 3225 898 3292 καὶ
926 3221 991 3293 ἇπό
1017 3227 1080 3292 τού

71 3354 105 3394 ω
121 3320 229 3395 αύτοῦ
256 3333 420 3416 κρατῆρος
447 3324 549 3407 αύτός
566 3353 601 3396 τε
618 3327 675 3395 καὶ
693 3331 729 3395 οί
743 3320 828 3414 ἄμφ’
848 3323 955 3396 αὐτόν
972 3321 1080 3412 ιἰροό-

119 3454 213 3515 μενοι
240 3434 402 3498 ἒσπενδον
428 3429 488 3509 τὰς
512 3427 617 3508 αύτίις
635 3425 797 3515 σπονδάς,
823 3425 1081 3516 καταρχομένων

120 3533 189 3596 τῶν
214 3556 250 3598 τε
264 3523 431 3618 Ἑλλήνων
447 3530 600 3620 μάντεων
617 3531 674 3598 καὶ
692 3533 761 3598 τῶν
779 3526 921 3614 Μάγων.
966 3521 1080 3614 εὔχετο
1099 3541 1115 3590 9

170 3650 298 3692 Annum.
842 3643 876 3693 20
